3160 5018
775 455 794 513 2

285 657 443 712 structum
456 657 521 722 est,
539 654 575 707 ut
597 645 690 708 etiarn
713 655 781 706 turn
797 693 804 721 ,
820 664 920 728 quum
937 645 992 708 illa
1006 645 1105 708 virtus
1123 647 1287 734 antiquata

287 778 385 846 esset,
406 765 643 851 seditionesque
672 774 704 827 et
720 763 824 828 malae
844 774 928 827 artes
948 763 1180 848 rempublicam
1199 764 1286 828 dele-

286 887 419 963 vissent,
431 884 538 969 ipsum
555 892 662 946 tamen
675 881 847 965 imperium
866 901 923 964 per
935 883 1037 947 multa
1049 882 1176 947 saecula
1190 893 1287 946 staret

285 1015 317 1067 et
344 1001 472 1067 tandem
500 1001 550 1064 vir
579 1022 598 1064 a
623 999 850 1084 potentissimis
884 998 1130 1085 fortissimisque
1159 1000 1286 1086 populis

284 1121 458 1187 deleretur.
493 1116 640 1184 Athenae
667 1139 798 1205 quoque
830 1115 887 1180 diu
923 1115 1037 1180 amissa
1065 1117 1123 1181 itta
1155 1115 1286 1202 proprii

284 1241 374 1306 velut
400 1240 580 1305 studiorum
605 1236 788 1315 viriditate,
814 1258 879 1300 non
907 1236 1100 1300 auctoritate
1128 1237 1233 1300 solum
1254 1249 1285 1301 et

286 1358 459 1443 exemplis,
479 1355 535 1420 sed
556 1355 782 1441 magistrorum
803 1353 899 1417 etiam
922 1351 1016 1436 copia
1039 1351 1231 1431 affluebant,
1256 1367 1287 1418 et

285 1495 481 1565 quamquam
508 1493 574 1538 non
601 1480 689 1535 tanta
713 1471 775 1533 fuit
803 1470 1008 1556 ingeniorum
1035 1473 1228 1554 praestantia
1257 1484 1289 1536 et

285 1593 399 1679 copia,
423 1603 531 1656 temen
550 1589 713 1655 dominata
740 1599 787 1652 est
809 1588 948 1653 eruditio
972 1589 1096 1654 Graeca
1120 1601 1152 1652 et
1174 1589 1290 1655 huma-

286 1713 380 1778 nitas.
402 1709 510 1798 Atque
527 1708 562 1786 in
579 1708 649 1792 ipso
666 1705 758 1795 quasi
773 1707 926 1785 interitu,
948 1728 1013 1771 non
1035 1707 1108 1772 dico
1121 1708 1287 1773 literarum

286 1832 507 1906 Graecarum,
530 1847 613 1914 quae
637 1846 748 1890 revera
772 1823 838 1888 dici
858 1835 994 1908 possunt
1021 1825 1223 1891 continenter
1246 1825 1286 1890 ad

288 1957 394 2012 nostra
409 1956 553 2030 tempora
573 1953 770 2029 propagatae
789 1963 876 2019 esse,
897 1941 1001 2006 sedin
1018 1941 1153 2006 interitu
1165 1942 1285 2007 studio-

287 2088 359 2130 rum
377 2083 506 2140 eornm,
521 2082 605 2149 quae
617 2061 662 2125 ita
680 2061 772 2122 fuere
784 2059 885 2122 veteri
903 2057 974 2122 orbi
993 2058 1118 2123 Graeco
1139 2061 1284 2146 propria,

286 2195 323 2247 ut
354 2180 570 2263 distinguatur
596 2198 655 2262 per
685 2197 722 2239 ea
758 2185 896 2238 vetustas
925 2175 966 2238 ab
999 2174 1039 2237 iis
1067 2177 1287 2260 temporibus,

289 2320 372 2388 quae
390 2306 502 2362 secuta
519 2303 594 2357 snut
615 2303 647 2357 et
665 2303 775 2378 postea
793 2290 950 2366 luerunt,
978 2312 1094 2376 operae
1120 2314 1195 2358 sane
1215 2315 1288 2378 pre-

289 2419 370 2484 tium
394 2425 442 2482 est
462 2412 628 2480 attendere
646 2411 799 2497 pristinae
816 2410 920 2475 laudis
940 2410 1084 2499 vestigia.
1109 2413 1180 2478 Non
1202 2412 1287 2476 enim

290 2537 393 2602 exitus
417 2532 506 2599 velut
532 2531 617 2596 senis
640 2529 703 2595 fnit
726 2529 796 2594 sine
824 2550 940 2609 sensu,
964 2527 1109 2595 sederat
1135 2528 1290 2612 juvenilis

287 2653 436 2721 alacritas
453 2662 551 2739 atque
566 2648 739 2724 fortitudo,
752 2657 820 2712 erat
839 2647 995 2731 sapientia
1014 2647 1179 2712 sentientis
1197 2649 1288 2737 quasi

290 2785 322 2838 et
342 2767 553 2854 intelligentis
569 2765 684 2832 cedere
705 2786 738 2829 se
759 2763 889 2829 debere.

332 2889 459 2956 Etenim
482 2885 662 2961 Lucienus,
687 2881 728 2946 de
746 2903 811 2971 quo
836 2881 989 2965 scripturi
1018 2903 1148 2960 sumus,
1172 2883 1289 2971 siquis

290 3009 386 3087 alius,
411 3015 556 3070 veterum
585 3009 778 3088 poetarum,
813 3008 997 3078 oratorum,
1027 2996 1289 3084 philosophorum

290 3124 396 3192 studio
419 3133 451 3187 et
467 3120 677 3186 meditatione
696 3118 838 3182 nutritus
856 3116 939 3195 fuit,
964 3114 1175 3204 ejusdemque
1194 3116 1292 3181 studii

292 3262 488 3330 magnopere
517 3237 758 3305 commendator
795 3235 933 3300 exstitit:
965 3234 1051 3300 idern
1079 3245 1186 3298 tamen
1217 3235 1293 3300 deos

292 3363 432 3450 deasque
454 3379 579 3436 omues,
597 3377 677 3444 quos
692 3353 785 3418 initio
802 3348 954 3418 orationis
973 3363 1137 3418 oratorum
1149 3374 1292 3417 summus

291 3483 513 3556 invocaverat,
527 3474 622 3539 exitio
637 3472 742 3538 dedit:
763 3470 1104 3556 praestantissimorum
1119 3478 1288 3555 poetarum

291 3622 420 3678 versus,
445 3598 520 3662 olim
540 3593 681 3660 infestis
703 3591 836 3658 deorum
857 3590 1023 3668 recitatos,
1048 3589 1082 3654 in
1101 3588 1228 3654 coelum
1246 3590 1291 3655 ita

291 3716 474 3794 transtulit,
498 3725 535 3779 ut
560 3712 600 3778 ad
623 3709 803 3799 perniciem
822 3709 883 3793 ipsi
908 3729 998 3773 suam
1024 3706 1062 3770 iis
1087 3706 1132 3771 dii
1162 3717 1291 3772 uteren-

291 3849 345 3902 tur
363 3835 396 3900 ¹:
422 3832 603 3901 Stoioorum
622 3829 772 3895 sudorem
792 3826 992 3911 abstergeri,
1017 3822 1210 3890 Academiae
1232 3824 1292 3889 dua

293 3955 481 4022 bitationem
514 3949 605 4028 tolli,
638 3967 787 4012 numeros
820 3943 1036 4032 Pythagoreos
1065 3964 1128 4007 non
1154 3942 1292 4027 amplius

298 4119 560 4136 Μ

328 4203 337 4233 ¹
361 4203 435 4252 Velut
445 4217 481 4249 ex.
494 4218 515 4248 a.
531 4199 555 4248 iu
572 4198 631 4244 love
646 4195 770 4258 Tragoedo.
