3160 5018
720 425 903 588 ‘83'

290 666 550 753 philosophorum
593 669 742 743 decretis,
774 680 872 753 atque
903 668 1020 754 ipsius,
1056 667 1087 728 in
1130 664 1290 728 uberrimi

289 785 419 847 iIIorum
435 784 579 848 doctrina
594 787 741 870 propriae
761 795 792 848 et
811 795 917 848 certae
932 781 1176 869 philosophandi
1192 783 1285 844 ratio·

292 901 340 964 nis
362 901 479 986 inopid.
504 951 506 955 .

763 1114 819 1178 IX.

334 1374 478 1460 Legitimi
514 1373 723 1458 Reipublicae
762 1387 859 1442 status
894 1377 1012 1439 exitum
1045 1387 1285 1440 maturaverunt

291 1494 425 1558 Romani
447 1497 633 1579 optimates,
664 1515 764 1580 quum
789 1496 899 1558 reduci
922 1518 958 1558 ex
984 1493 1114 1558 Oriente
1133 1494 1282 1578 Pompeio

293 1633 356 1674 non
386 1625 498 1698 sponte
527 1638 563 1677 ea
586 1612 817 1688 concederent,
849 1632 932 1697 quae
964 1611 1017 1675 hio
1049 1613 1184 1690 deinde,
1206 1614 1281 1697 ipsis

290 1729 415 1802 invitis,
437 1731 569 1795 Caesare
589 1728 737 1811 adjutore
758 1730 906 1793 obtinuit.

773 1995 812 2056 X.

338 2200 559 2264 «Litterarum
575 2212 742 2277 secreta»,
765 2201 799 2262 in
829 2200 930 2264 Taciti
947 2202 1117 2268 Germania
1142 2221 1168 2263 c.
1192 2203 1284 2277 XIX,

299 2337 403 2401 noque
431 2319 577 2382 universe
603 2319 644 2383 de
665 2328 733 2382 arte
753 2318 934 2396 scribendi,
956 2337 1016 2381 nec
1040 2318 1135 2381 unice
1158 2318 1197 2380 do
1220 2319 1287 2380 Iur-

294 2438 364 2498 tivis
383 2437 557 2500 amantium
582 2438 723 2522 epistolis
743 2435 953 2524 intelligenda
976 2450 1059 2502 sunt.

766 2702 821 2764 XI.

334 2910 449 2975 Ctesias
474 2908 630 2972 derebus
657 2909 788 2972 Persicis
821 2910 975 2993 ampliora
996 2929 1092 2994 quarn
1109 2907 1286 2970 Herodotus

291 3026 450 3090 scribendi
475 3026 628 3110 praesidia
650 3025 783 3104 habuit;
808 3027 871 3090 fite
897 3035 1003 3089 antem
1034 3008 1119 3088 etin
1146 3025 1287 3088 fontibus

292 3143 480 3208 adhibendis
507 3147 654 3209 cautione
689 3145 870 3231 longissime
900 3145 1060 3208 Herodoto
1092 3155 1284 3229 postponen-

292 3261 351 3324 dus
378 3273 432 3325 est.

749 3471 817 3534 XII.

332 3734 530 3798 Assentimnr
550 3735 634 3798 doct.
655 3733 728 3806 Alb.
746 3731 883 3819 Jonghio
922 3733 1044 3820 (Symh.
1068 3733 1161 3798 Liter.
1181 3734 1243 3810 IV,
1258 3757 1287 3820 p.

291 3854 352 3914 117
375 3849 460 3937 sqq.)
477 3851 510 3914 in
524 3872 592 3914 eam
603 3849 793 3913 sententiam
810 3849 1004 3934 disputanti,
1022 3861 1057 3912 ut
1071 3848 1147 3913 fides
1165 3825 1287 3914 liaben-

289 3969 327 4033 da
349 3967 509 4031 Herodoto
527 3968 584 4045 sit,
605 3966 659 4031 tib.
677 3967 858 4045 111,c.so‚
873 3967 1033 4043 narranti,
1056 3977 1125 4050 post
1144 3968 1285 4030 occisum

289 4083 577 4147 Pseudo-Smerdin
598 4082 721 4146 habitos
737 4105 802 4147 csse
823 4106 839 4145 a
860 4084 962 4146 Parsis
981 4105 1141 4148 sermones
1160 4083 1199 4146 de
1219 4107 1285 4148 mo-

290 4201 420 4269 narchia
439 4213 493 4268 aut
513 4202 710 4269 aristocratia
733 4213 787 4267 aut
812 4200 1005 4268 democratia
1028 4202 1260 4268 constituenda.
