3160 5018
783 430 825 493 20

309 623 464 702 audacia,
486 622 645 701 elamore3
670 624 892 709 caeterisque,
917 647 934 688 a
957 625 1075 711 quihus
1092 647 1126 688 se
1149 624 1303 711 refugisse

308 752 459 820 testatur,
478 739 704 822 incommodis,
720 739 925 823 conjunctam
944 741 1005 826 ipsi
1019 741 1117 806 visam
1130 763 1195 806 esso
1210 742 1304 806 etiam

308 859 382 925 dati
393 858 489 944 operi
497 858 531 922 iu
543 855 734 922 Raetorum
740 856 967 943 Praeceptoris
978 859 1115 923 ostendit
1124 859 1146 922 ¹.
1159 859 1306 944 Denique

308 998 377 1041 eam
393 997 458 1040 uon
473 999 492 1040 a
509 975 631 1058 juvene
646 976 769 1060 potius,
790 975 844 1041 sod
859 1025 867 1055 ,
884 987 920 1039 ut
938 976 972 1039 in
983 973 1179 1041 BirAeous.
1195 986 1206 1021 ²
1222 975 1308 1039 affir-

308 1106 394 1174 mat,
416 1116 520 1180 paene
538 1094 793 1182 quadragenario
813 1094 959 1159 relictam
974 1117 1042 1158 esse
1053 1105 1187 1178 apparet
1198 1116 1234 1158 ex
1252 1115 1305 1170 eo,

310 1212 398 1299 quod
409 1212 515 1277 statim
527 1213 715 1299 subiungit:
736 1236 768 1277 se
788 1224 910 1297 optasse
928 1218 1047 1281 ὁπόσον
1059 1216 1108 1278 ἔτι
1119 1211 1235 1279 λοιπὸν
1251 1218 1307 1277 τοῦ

310 1332 385 1416 βίου
403 1329 491 1393 ’sub
501 1328 726 1414 philosophiae
742 1332 843 1395 tutela
856 1331 961 1395 vivere
974 1355 981 1412 3
995 1342 1106 1414 utpote
1118 1351 1201 1417 quae
1214 1331 1308 1394 verba

311 1456 384 1508 sunt
404 1443 562 1531 hominis,
588 1447 647 1531 qui
669 1447 785 1510 honam
801 1447 911 1510 aetatis
935 1457 1060 1531 partem
1078 1445 1308 1531 jampraoter-

310 1561 383 1624 iisse
403 1562 527 1626 sentiat.

756 1811 861 1822 uun—n·-

360 2016 516 2104 Spectatis
539 2011 673 2078 Luoiani
692 2011 789 2090 locis,
813 2011 847 2072 in
875 2031 1006 2074 censum
1027 2010 1117 2075 nohis
1138 2011 1242 2075 veniat
1264 2022 1312 2075 te-

313 2134 497 2198 stimonium
519 2129 648 2194 Suidao.
681 2128 741 2192 Hic
760 2139 947 2212 postquam,
975 2127 1139 2212 exquisitis
1159 2129 1312 2193 conviciis

317 2249 536 2328 cumulatum,
554 2245 733 2310 Luciauum
756 2244 789 2306 iu
805 2242 934 2326 Trajani
954 2254 1097 2327 tempora
1110 2243 1244 2326 detulit,
1266 2247 1312 2310 sie

315 2388 411 2452 porro
434 2365 523 2429 dicit:
547 2360 587 2445 ἦν
614 2364 649 2429 δὲ
671 2349 764 2437 οὗτος
784 2365 820 2426 τὸ
847 2364 924 2446 πρὶν
945 2363 1113 2448 δικηγόρος
1134 2367 1168 2429 ἐν
1191 2363 1314 2430 Ἀντι-

316 2485 408 2572 opta
430 2490 486 2566 τῆς
515 2479 664 2568 Συρίαςζ,
698 2480 926 2566 δυσπραγησας
954 2481 988 2546 δὲ
1021 2485 1055 2547 ἐν
1082 2484 1257 2568 waltarini
1278 2486 1314 2548 τὸ

318 2600 532 2686 λογογραφεῖν
570 2603 713 2684 ἐτράπη,
755 2600 811 2662 καὶ
841 2597 1023 2682 γέγραπται
1060 2599 1148 2684 αὐτῷ
1181 2603 1313 2684 ἄπειρα.

317 2717 413 2800 Quod
448 2715 580 2802 quidem
611 2713 828 2778 testimonium
842 2761 850 2792 ,
885 2712 942 2797 qui
976 2732 1034 2795 pro
1069 2735 1142 2776 sero
1177 2714 1315 2797 amplexi

318 2845 410 2914 sunt,
450 2833 495 2896 ita
528 2851 602 2894 cum
635 2830 802 2895 Lucianeis
830 2850 1023 2912 componere
1048 2829 1258 2909 studuerunt,
1279 2843 1316 2895 ut

318 2960 514 3028 statuerent,
535 2972 609 3014 eum
627 2949 767 3034 primum
792 2944 981 3012 Antiochiae
1000 2948 1213 3014 caussidicum
1232 2952 1316 3015 fuis-

318 3091 368 3147 se,
392 3067 508 3132 deiude
520 3066 560 3132 ad
582 3065 862 3154 quadragesimum
891 3087 1012 3131 anuum
1030 3068 1141 3132 aetatis
1163 3069 1197 3133 in
1223 3071 1317 3135 variis

321 3186 506 3274 regionibus
532 3182 725 3248 rhetoricam
749 3185 926 3250 exercuisse
950 3201 972 3252 r,

364 3303 462 3389 Atqui
490 3301 630 3386 primum
666 3302 859 3381 notandum,
889 3301 1047 3385 ejusmodi
1078 3305 1316 3372 distinctionem

354 3495 364 3530 ¹
384 3497 452 3544 Geni.
468 3495 530 3543 Piso.
547 3493 592 3542 29:
611 3491 720 3557 ἀπάτην
737 3491 784 3540 καὶ
798 3491 901 3551 ψεῦδος
917 3492 964 3541 καὶ
986 3491 1151 3561 θρασύτητα
1172 3491 1219 3541 καὶ
1239 3493 1317 3557 βοήν.

319 3595 371 3629 oum
383 3579 452 3627 utet.
467 3580 549 3631 Proeo.
564 3597 586 3627 e.
600 3575 644 3625 22:
660 3576 692 3626 τὸ
706 3575 809 3635 ψεῦδος
822 3575 973 3645 πρόχειρον.
990 3595 1013 3626 κ.
1029 3596 1055 3626 τ.
1067 3575 1091 3626 λ.
1114 3595 1134 3625 o.
1153 3577 1201 3626 15:
1218 3578 1319 3646 θράσος

319 3661 440 3722 -τόλμαν
455 3663 501 3711 καὶ
516 3659 774 3728 ἀναισχυντίαν-καὶ
788 3662 858 3724 βοὴν
872 3659 914 3710 ὅτι
930 3662 1067 3726 μεγίστην.

355 3762 368 3793 ²
389 3762 437 3811 uis.
457 3760 542 3808 Aoous.
556 3777 578 3808 o.
593 3758 633 3807 32.

358 3857 369 3889 ³
389 3858 489 3906 Solorius
513 3859 570 3906 odeo
584 3860 612 3906 ad
624 3856 681 3907 haee
689 3859 758 3906 verba
771 3859 909 3906 mouendum
918 3873 966 3906 esre
974 3857 1053 3904 duxit:
1064 3856 1202 3906 reovehiue
1212 3867 1319 3919 proveeta

324 3944 369 4004 jam
384 3953 458 3992 aetate
471 3945 542 3992 fuisse
555 3944 664 4007 colligas,
681 3943 774 3992 eumad
790 3943 861 3990 otium
877 3959 900 3990 se
914 3941 1027 3997 eontulit;
1042 3941 1100 3989 olibi
1112 3942 1172 3990 enim
1182 3943 1265 3990 diserte
1280 3941 1319 3988 XI.

327 4043 413 4077 sunum
419 4039 493 4078 notat.
502 4046 514 4076 a

355 4135 367 4174 4
386 4126 450 4176 Gilh.
462 4128 573 4190 cognat,
587 4128 612 4176 iu
624 4127 705 4191 Elegio
713 4125 798 4174 Lucia
806 4125 882 4173 Praei.
894 4125 964 4172 Busil.
978 4125 1039 4173 Edit.
1052 4126 1099 4188 111,
1107 4143 1129 4173 r.
1157 4121 1228 4174 1563.
1238 4123 1320 4175 Suidre
