3160 5018
763 425 802 485 15

285 616 364 680 dixit
385 613 411 678 1ss
440 633 565 700 «quam
593 613 686 678 multi
718 611 881 692 homines,
907 614 965 699 qui
987 625 1078 679 antea
1099 613 1179 678 nibil
1202 617 1279 680 luis·

221 733 225 741 ’
280 745 372 813 sent,
398 756 458 818 per
480 731 569 796 illam
589 732 711 796 nobiles
737 742 767 796 et
789 732 902 797 divites
920 743 951 796 et
968 753 1027 816 per
1047 733 1157 798 lovem
1182 756 1279 821 gene-

281 851 432 916 rosissimi
446 850 663 914 viderentur.»
689 849 815 932 Quibus
826 861 933 914 autem
946 849 1081 914 maxime
1093 871 1167 913 usus
1181 850 1280 914 fuerit

272 969 459 1033 studiorum
476 967 770 1053 opportunitatibus
785 989 914 1052 prorsus
933 967 1128 1054 ignoramus.
1153 969 1279 1033 Solum-

280 1087 376 1152 modo
391 1086 579 1151 memoravit
594 1109 627 1150 se
639 1097 831 1172 anteaquam
843 1085 883 1150 ad
897 1084 1088 1149 rhetoricam
1099 1083 1279 1164 accederat,
1305 1053 1317 1295 p

283 1203 483 1290 aliquamdiu
511 1201 639 1267 consilii
668 1201 798 1288 inopem
824 1202 910 1266 circa
936 1201 1058 1266 Ioniam
1090 1201 1236 1266 oberasso
1254 1199 1279 1266 ².

284 1323 409 1387 Nullius
434 1321 654 1408 praeceptoris
679 1321 897 1385 studiorumro
920 1321 1054 1384 fautoris
1083 1319 1280 1384 mentionem
1398 1363 1420 1415 7

282 1442 369 1507 lecit.
401 1429 514 1526 Nequo
537 1451 670 1525 propter
695 1439 763 1522 ejus
792 1447 1015 1523 paupertatem
1044 1437 1214 1503 verisimile
1236 1450 1283 1504 est
1331 1437 1418 1516 aaut*
1437 1380 1503 1504 ‘io

285 1561 314 1624 ei
339 1561 490 1648 obtigisse
513 1570 551 1623 ut
579 1560 614 1622 in
640 1558 847 1621 illustrissimi
871 1556 1040 1638 cujusdam
1065 1559 1211 1646 magistri
1233 1559 1282 1624 di·
1326 1519 1496 1634 afflata·

281 1677 450 1762 scipliuam
466 1675 677 1761 reciperetur.
703 1674 861 1738 Herodem
883 1675 1014 1759 quidem
1024 1677 1169 1741 Atticum
1182 1677 1284 1743 hono·
1316 1645 1465 1794 dmin.

283 1795 371 1860 rifice
407 1792 595 1858 memoravit
634 1801 664 1870 ³3
697 1813 807 1856 rerum
836 1793 862 1854 si
891 1793 973 1857 forto
1002 1793 1059 1857 illo
1083 1794 1283 1860 familiariter
1307 1795 1387 1914 [sigar
1407 1763 1544 1897 msdl

283 1936 359 1978 usus
386 1914 485 1976 luerit
507 1918 536 1992 l,
572 1933 641 1976 sero
680 1910 810 1975 demum
836 1912 870 1977 id
894 1913 1016 1976 factum
1043 1914 1192 1992 videtur,
1217 1903 1308 2001 quol'
1345 1887 1366 1994 f
1447 1902 1464 1968 θ’

283 2043 426 2116 tempore
447 2031 562 2096 relicta
584 2029 757 2115 sophistici
773 2029 906 2095 Athenis
926 2031 1130 2097 consedisset.

739 2301 842 2311 -..nu-—

328 2505 423 2572 Vitae
441 2526 517 2570 suaa
534 2502 727 2588 sophisticae
738 2503 897 2567 Lucianus
915 2504 1007 2587 quasi
1023 2523 1152 2568 cursum
1169 2524 1285 2588 quem-

287 2621 359 2688 dam
378 2620 560 2711 designavit
583 2621 616 2682 in
640 2617 708 2683 Bis
722 2616 911 2697 Accusata,
937 2619 1015 2699 ubi,
1040 2642 1099 2704 per
1121 2619 1284 2686 fictionem

289 2741 415 2827 publici
445 2739 586 2824 judicii,
628 2737 788 2802 rhetorica
826 2748 991 2822 tamquam
1020 2736 1174 2802 derelicta
1205 2759 1286 2802 uxor·

285 2857 419 2923 Athonis
447 2862 616 2932 κακώσεως
649 2857 661 2892 ⁵
693 2876 766 2920 eum
792 2867 923 2920 accusat
948 2864 1046 2941 atque
1074 2856 1119 2921 ita
1149 2855 1286 2920 maxime

287 2979 436 3063 queritur
460 2976 491 3040 ⁰:
528 3001 544 3040 r<
555 2977 590 3040 in
620 2975 711 3040 Ionia
745 2975 822 3039 olim
854 2974 1027 3040 admodum
1067 2973 1286 3055 adolescenti,

287 3095 431 3159 oratione
453 3095 617 3159 etiamtum
637 3093 795 3169 barbaro,
815 3092 916 3176 ipsam
936 3114 970 3155 so
997 3091 1235 3177 desponsavisso
1256 3105 1288 3157 et

290 3212 398 3277 dotem
428 3211 458 3276 ei
487 3212 604 3276 multas
637 3221 668 3274 et
701 3206 906 3274 admirabiles
935 3206 1094 3273 orationes
1121 3212 1285 3294 attulisse3

330 3499 341 3528 1
359 3495 388 3543 ln
408 3495 504 3544 llbelor.
524 3496 602 3544 Praec.
619 3513 639 3544 c.
652 3493 677 3544 2.
693 3496 721 3543 de
734 3495 870 3556 aequalibus
885 3493 1007 3556 sophistis:
1026 3492 1120 3546 σκόπει
1139 3494 1207 3558 γοῦν
1221 3491 1290 3545 ὁπό-

289 3591 329 3628 σοι
342 3578 406 3636 τέως
417 3577 504 3644 μηδὲν
516 3576 591 3636 ὄντες
604 3577 707 3634 ἔνδοξοι
724 3578 771 3629 καὶ
787 3576 907 3628 πλούσιοι
921 3579 969 3628 καὶ
981 3580 1015 3643 νὴ
1031 3578 1087 3628 Δία
1101 3576 1290 3642 εὐγενέστατοι

290 3661 389 3719 ἔδοξαν
402 3663 457 3713 ἀπὸ
471 3662 526 3714 τῶν
538 3662 629 3727 λόγων.

326 3759 339 3790 ²
357 3760 398 3808 nis
411 3760 469 3812 Acc.
485 3778 506 3808 c.
522 3758 565 3810 27.

325 3855 337 3887 ³
357 3854 386 3902 ln
398 3854 453 3902 Vita
466 3855 562 3904 liemon.
574 3872 595 3904 c.
611 3854 660 3913 2⁴13
678 3857 740 3907 conl.
753 3872 773 3903 c.
788 3853 828 3904 33.

324 3951 340 3989 4
356 3918 777 4011 offla..
792 3951 826 4014 n,
842 3952 869 4000 ae
882 3951 937 3998 na.
954 3959 1028 3998 aetate
1040 3960 1062 3997 a
1075 3949 1123 3998 nu
1136 3965 1159 4012 p,
1174 3951 1198 4001 a.

328 4047 337 4080 ⁵
358 4049 397 4097 llis
410 4047 467 4096 Aoo.
480 4063 500 4098 c.
519 4046 559 4094 ll.

327 4144 339 4181 ⁶
356 4145 416 4195 Ibid.
428 4165 448 4194 c.
461 4143 494 4195 27
507 4155 529 4194 ct
541 4144 582 4194 28.
