3160 5018
779 426 820 490 62

296 620 474 698 sanissima,
496 641 559 708 qua
583 631 650 684 erat
669 632 798 701 niente,
826 642 1083 712 unamquamque
1105 625 1294 692 insolentem

295 747 351 799 aut
374 736 553 802 affectatam
576 739 717 823 speciem
741 738 948 824 repudiabat,
971 752 1002 804 et
1020 743 1236 826 ἀνθρώπινα,
1259 758 1296 809 ut

295 858 329 920 in
349 855 548 942 Lenipltane
564 856 665 934 dixit,
686 858 814 923 volebat
832 867 963 947 φρονεῖν
986 865 1041 926 καὶ
1058 861 1167 940 λέγειν
1186 865 1209 928 ¹.
1241 863 1296 928 Di-

295 977 429 1064 ligentia
449 987 580 1056 autem,
602 999 667 1065 qua
687 999 817 1062 asperae
829 979 897 1043 riae
917 990 1107 1064 praeceptor
1122 980 1296 1067 discipulos

295 1119 366 1161 suos
382 1095 478 1180 jubet
498 1098 599 1162 voluti
615 1118 673 1182 per
695 1107 859 1162 extentum
878 1097 990 1162 funem
1012 1101 1221 1188 antiquorum
1245 1125 1296 1166 ve·

294 1213 388 1300 stigio
407 1214 531 1300 sequi,
563 1235 629 1276 non
656 1213 783 1291 servili,
804 1213 860 1277 sed
887 1234 998 1277 severo
1022 1225 1054 1278 et
1087 1229 1240 1281 accurato
1266 1229 1297 1281 et

295 1331 500 1416 pervulgatus
530 1331 563 1393 in
595 1341 767 1418 utramque
797 1341 922 1414 partem
944 1353 1067 1396 errores
1093 1345 1187 1399 caute
1208 1333 1296 1398 devi-

296 1448 375 1511 tanti
399 1448 607 1533 antiquorum
629 1445 734 1510 studio
758 1445 916 1512 censenda
939 1459 995 1513 est.
1028 1450 1118 1514 Hanc
1145 1453 1241 1514 unico
1264 1474 1297 1516 se

299 1565 435 1649 probare
462 1563 587 1647 saepius
610 1563 770 1628 Lucianus
786 1563 856 1629 aliis
881 1565 958 1630 loeis
975 1577 1105 1633 testatur
1127 1579 1183 1634 est.
1209 1569 1295 1649 lam,

295 1685 321 1747 si
349 1683 584 1750 adolescentiae
610 1705 693 1755 suae,
710 1685 843 1750 consilia
865 1685 900 1749 in
920 1683 1060 1752 Somnio
1084 1709 1121 1750 ex
1147 1709 1219 1750 vero
1239 1685 1298 1750 de-

296 1805 440 1890 scripsit,
472 1825 510 1868 eo
538 1815 702 1889 tempore,
734 1825 798 1892 quo
829 1807 969 1891 primum
1001 1809 1035 1871 in
1064 1808 1164 1872 literis
1198 1807 1295 1872 vitam

296 1944 392 2011 agero
434 1921 599 1986 constituit
639 1920 790 2005 antiquos
830 1923 994 2009 cogitavit.
1030 1923 1079 1990 Ita
1104 1923 1190 1987 enim
1222 1944 1295 1988 eum

298 2039 444 2105 Eruditio
468 2039 609 2104 allocuta
627 2047 690 2102 est:
707 2044 836 2126 πρῶτον
861 2035 922 2124 μέν
946 2065 995 2106 σοι
1017 2041 1123 2106 πολλὰ
1146 2043 1297 2120 ἐπιδείξω

222 2206 223 2209 ¹
298 2157 451 2224 παλαιῶν
483 2156 613 2240 ἀνδρῶν
647 2157 727 2239 ἔργα
759 2159 815 2220 καὶ
846 2157 978 2243 πράξεις
1014 2163 1210 2240 θαυμαστὰς
1239 2163 1298 2223 καὶ

221 2275 224 2282 ’
298 2273 414 2352 λόγους
434 2273 543 2336 αὐτῶν
567 2270 820 2350 ἀπαγγέλλουσα
833 2269 856 2337 ².
881 2273 920 2334 Et
937 2273 1061 2359 quoties
1075 2285 1184 2356 postea
1196 2274 1296 2340 bona-

299 2413 371 2453 rum
396 2389 564 2453 literarum
592 2409 737 2452 caussam
763 2387 914 2452 adversus
943 2391 1094 2478 aequales
1126 2402 1294 2472 tueretur;

298 2507 428 2572 illarum
452 2505 646 2592 praesidium
675 2505 710 2569 in
737 2507 946 2596 antiquorum
968 2506 1075 2571 studio
1101 2509 1217 2592 posuit.
1234 2507 1296 2573 Le·

299 2624 451 2712 :alphoni
479 2623 670 2710 sophisticae
697 2625 801 2690 laudis
830 2627 986 2711 captatori
1019 2638 1132 2692 auctor
1164 2638 1230 2706 est,
1261 2639 1297 2690 ut

300 2746 433 2810 sanioris
464 2744 595 2810 rationis
621 2743 751 2808 initium
776 2743 873 2809 faciat
896 2745 937 2808 ab
958 2746 1084 2828 optimis
1111 2746 1214 2829 potitis
1237 2745 1296 2808 sub

299 2863 452 2950 magistro
464 2860 621 2948 legendis,
635 2860 786 2944 deinceps
797 2860 838 2924 ad
853 2870 992 2924 oratores
1005 2871 1158 2939 transeat,
1169 2883 1295 2926 eorum-

300 3002 365 3069 que
386 2981 527 3045 oratione
545 2978 685 3041 nutritus
703 2977 744 3040 ad
755 2975 952 3064 Thucydidis
970 2987 1001 3040 et
1018 2977 1158 3042 Platonis
1179 2981 1296 3065 scripta

299 3095 442 3173 accedat,
460 3096 665 3183 multumque
685 3105 848 3180 praeterea
862 3097 896 3160 in
909 3095 1045 3162 Gomieis
1062 3108 1094 3161 et
1106 3096 1249 3186 Tragicis
1262 3121 1296 3162 se

300 3225 455 3282 exerceat.
474 3213 558 3278 Ante
572 3215 680 3281 omnia
695 3237 787 3294 vero,
809 3216 931 3305 inquit,
945 3213 1006 3280 hoo
1023 3215 1102 3280 milri
1121 3227 1294 3296 memento,

300 3358 340 3402 ne
366 3334 497 3399 imiteris
529 3331 760 3418 sophistarum,
781 3334 838 3420 qui
863 3333 974 3419 paullo
997 3345 1071 3400 ante
1098 3357 1155 3400 nos
1179 3335 1293 3413 fuero,

299 3453 453 3541 pessima,
476 3472 584 3538 neque
604 3472 643 3514 ex
666 3449 730 3513 illis
747 3449 879 3516 libando
895 3463 927 3515 to
950 3452 1090 3532 nutrias,
1109 3441 1159 3516 uti
1183 3474 1291 3532 nune;

300 3595 409 3638 verum
430 3579 555 3655 oportet
570 3567 644 3634 talia
658 3571 860 3651 conculcare,
878 3571 1021 3657 exempla
1043 3583 1149 3636 autem
1162 3572 1295 3659 antiqua

297 3689 471 3767 aemulari,
494 3686 611 3772 ζηλοῦν
630 3689 665 3754 δὲ
688 3694 729 3754 τὰ
757 3691 878 3777 ἀρχαῖα
897 3693 964 3758 τῶν
989 3691 1263 3778 παραδειγμάτων
1272 3690 1294 3754 ³.

298 3847 596 3863 Μ

328 3927 454 3990 ¹Lexiph.
476 3943 496 3975 ο.
516 3924 563 3983 2ος
593 3926 658 3974 oonl.
679 3927 764 3989 Quom.
784 3924 843 3974 llist.
868 3926 960 3973 Conscr.
982 3941 1003 3974 e.
1024 3925 1092 3972 ll·-
1110 3922 1144 3982 ὡς
1164 3923 1212 3985 μὲν
1232 3923 1294 3978 τοὺς

295 4009 411 4066 πολλοὺς
428 4016 560 4070 συνεῖναι,
574 4008 638 4065 τούς
659 4005 690 4057 δὲ
708 4006 940 4068 πεπαιδευμένους
956 4007 1100 4059 ἐπαινέσαι.

330 4095 341 4122 ²
362 4095 440 4142 Somn.
456 4112 476 4143 e.
495 4092 535 4143 lO.

331 4177 342 4212 ³
365 4178 458 4239 Lexiph.
471 4195 492 4224 c.
506 4175 557 4239 22,
572 4175 612 4225 23.
