3160 5018
767 453 784 511 t

286 645 453 722 conscius,
479 654 586 720 tamen
607 654 739 707 conatus
763 664 832 708 sum
855 665 925 707 eam
947 645 1029 708 viam
1051 642 1196 727 ingredi,
1218 666 1283 730 qua

284 761 380 824 unice
402 759 441 824 ad
473 759 638 823 veritatem
664 760 826 842 perveniri
842 770 956 844 potest.
981 761 1058 824 Nam
1080 761 1225 844 proiecto
1247 762 1281 823 in

285 876 417 940 Luciani
449 876 574 961 seriptis
606 887 691 940 tanta
725 888 771 941 est
805 879 1036 941 sententiarum
1062 879 1153 962 copia
1183 889 1280 966 atque

283 994 437 1073 varietas,
471 1007 508 1058 ut
536 994 715 1060 carendum
746 1016 943 1082 magnopere
976 997 1036 1072 sit,
1070 1018 1112 1060 ne
1145 1019 1183 1059 er
1213 1017 1279 1060 uno

282 1113 391 1204 aliquo
426 1114 569 1203 quamvis
585 1113 704 1177 illustri
725 1115 797 1178 loeo
829 1113 867 1178 de
891 1112 960 1195 ejus
989 1114 1120 1201 ingenio
1150 1114 1279 1178 studiis·

282 1255 346 1319 que
362 1231 566 1315 judicemus:
591 1231 655 1293 imo
678 1253 749 1295 vero
771 1242 835 1296 tam
860 1231 1031 1318 singularis
1059 1231 1128 1314 ejus
1154 1232 1279 1315 indoles

175 1365 184 1382 ·
281 1351 363 1429 fuir,
389 1360 424 1412 ut
446 1348 665 1434 periculosum
689 1349 745 1430 sit,
771 1351 924 1413 continuo
952 1370 1026 1412 eum
1045 1351 1212 1414 aestimare
1230 1371 1278 1413 se-

282 1467 425 1532 cundum
445 1467 615 1555 quamdam
638 1466 729 1530 nobis
751 1482 805 1530 aut
825 1467 952 1532 insitam
971 1477 1027 1530 aut
1048 1466 1279 1531 consuetudine

281 1584 444 1671 propriam
472 1606 615 1648 normam
648 1585 859 1668 praestantiae
885 1583 1111 1669 ponderandae
1136 1583 1184 1646 rel
1213 1583 1281 1645 vitii

282 1699 547 1787 reprehendendi.
573 1701 645 1787 Ipsa
666 1700 725 1765 riri
742 1700 860 1785 scripta
880 1698 1053 1766 evolvenda
1075 1712 1169 1764 sunt:
1202 1722 1279 1763 con·
1331 1760 1334 1770 .

280 1822 387 1901 tinuo,
412 1820 570 1908 numquid
591 1821 659 1906 ipse
681 1818 865 1898 tradiderit,
886 1842 1006 1909 eiquo
1032 1821 1081 1884 vel
1101 1819 1277 1883 studiorum

280 1935 348 2020 ejus
371 1939 516 2004 notitiam
539 1960 712 2027 quaerere,
740 1938 790 2001 vel
813 1937 981 2020 cujusdam
1003 1940 1036 2002 in
1064 1939 1101 2001 iis
1122 1937 1280 2002 varietatis

280 2067 311 2118 et
342 2056 528 2121 mutationis
552 2064 660 2118 notam
694 2053 819 2116 efficere
848 2053 964 2132 liceat,
998 2053 1278 2140 investigandum:

279 2183 348 2236 tum
366 2172 492 2259 singula
506 2173 626 2256 scripta
647 2171 694 2234 ita
715 2170 922 2234 examinanda
940 2182 972 2233 et
991 2172 1075 2234 inter
1091 2193 1124 2233 se
1147 2191 1278 2257 compa·

255 2290 401 2370 wanda,
426 2302 462 2354 ut
483 2289 533 2353 iili
543 2287 686 2372 judicio,
710 2286 803 2370 eujus
826 2309 970 2352 normam
991 2289 1032 2351 ab
1056 2287 1125 2373 ipso
1144 2311 1279 2373 accepe-

279 2409 379 2472 rimus
418 2405 643 2490 subjiciantur.
678 2407 732 2470 Sic
766 2407 872 2494 imago
899 2405 968 2488 ejus
1005 2407 1113 2494 effingi
1138 2406 1277 2492 poterit:

280 2525 409 2612 quaesi
430 2526 562 2589 fortasse
582 2525 715 2610 ποικίλη
737 2525 815 2602 erit,
842 2535 947 2588 tamen
964 2534 1000 2586 ut
1022 2546 1096 2589 vera
1121 2523 1179 2599 sit,
1205 2545 1276 2587 ma·

279 2667 420 2731 gnopere
441 2644 670 2712 laborabimus.

323 2763 451 2828 Exstitit
467 2775 590 2842 autem,
610 2776 647 2829 ut
669 2765 861 2843 ridebimus,
877 2765 911 2828 in
927 2765 1068 2829 Luciano
1080 2762 1140 2826 sub
1155 2782 1275 2826 annum

258 2882 387 2946 aetatis
403 2883 456 2946 xL
474 2881 652 2947 studiorum
676 2883 893 2948 commutatio.
917 2861 1008 2964 Quae
1030 2879 1133 2969 qualis
1157 2879 1274 2956 fuerit,

277 2998 460 3089 quibusque
485 3001 520 3064 iu
541 3002 636 3065 rebus
657 3012 798 3066 versatus
825 3000 924 3064 suerit
951 3021 1072 3087 quaeve
1093 3009 1166 3062 ante
1193 2997 1274 3061 illud

277 3130 401 3203 tempus
423 3117 607 3202 scripserit,
633 3119 859 3204 explicandum
884 3130 952 3196 est,
977 3129 1014 3181 ut
1040 3115 1157 3181 deinde
1178 3116 1277 3203 possit

277 3236 473 3301 luculentius
491 3238 626 3322 erponi,
648 3259 731 3327 quae
749 3237 923 3322 perfecerit
935 3247 1055 3321 postea.
1079 3235 1166 3299 Haec
1177 3257 1272 3322 ergo,

277 3375 372 3442 quam
390 3353 458 3438 jam
487 3354 630 3434 edimus,
656 3354 836 3419 dissertatio
865 3365 912 3418 est
934 3353 974 3417 de
1002 3352 1137 3418 Luciani
1161 3351 1274 3415 studiis

275 3473 467 3562 scriptisque
483 3471 703 3555 juvenilibus:
723 3495 815 3558 pars,
835 3484 872 3536 ut
890 3493 1069 3558 speramus.
1092 3481 1200 3555 postea
1219 3469 1271 3532 su-

277 3603 347 3656 tura
373 3589 603 3679 disquisitionis
635 3591 676 3655 de
710 3591 875 3670 luciano,
905 3591 1014 3678 deque·
1040 3586 1171 3674 proprio
1203 3584 1272 3667 ejus

276 3708 438 3774 scribendi
455 3731 591 3795 genere,
617 3709 749 3774 consilio
776 3722 806 3775 et
829 3709 994 3774 sententia.
