3160 5018
297 645 893 688 ΛΜἋΜΜΜΗἋΜἋἎΜἋἉΜ
897 645 1188 678 tantumtantum
1192 645 1287 678 unu

571 967 1000 1075 ruoouuruu.

705 1260 870 1284 -ςῦΟ-ι

330 1461 527 1526 Graecorum
539 1461 685 1544 prolecto
697 1460 828 1548 ingenia
841 1461 978 1523 multum
994 1460 1126 1548 reliquis
1139 1455 1287 1544 gentibus

288 1581 526 1664 praestiterunt.
552 1582 664 1670 Neque
681 1582 713 1645 id
735 1604 772 1646 ex
795 1603 833 1645 eo
854 1583 957 1644 solum
975 1581 1181 1668 intelligitur,
1201 1578 1287 1669 quod

289 1723 399 1764 omnes
423 1703 509 1765 omni
531 1713 674 1787 tempore
693 1713 909 1790 agnoverunt,
935 1702 1058 1769 nullam
1073 1701 1203 1766 laudem
1223 1722 1289 1764 esse

288 1825 475 1903 literarum,
508 1822 600 1907 cujus
626 1846 691 1888 non
720 1846 817 1909 penes
845 1824 917 1888 illos
943 1825 1142 1910 principatus
1171 1823 1287 1901 fuerit;

292 1961 401 2003 rerum
421 1951 565 2024 tempora
592 1941 686 2004 etiam
713 1940 985 2027 distinguentibus
1010 1951 1042 2004 et
1067 1950 1186 2004 aetates
1212 1960 1289 2003 con-

293 2057 498 2142 templatione
519 2058 809 2142 complectentibus
829 2069 962 2144 apparet
983 2057 1023 2122 de
1048 2056 1181 2124 Graecis
1199 2055 1292 2122 aliter

290 2184 388 2260 atque
407 2172 447 2237 de
468 2174 605 2238 aliarum
637 2177 781 2262 gentium
808 2174 957 2239 laudibus
976 2173 1192 2258 judicandum
1214 2194 1290 2237 esse.

290 2293 527 2377 Saepenumero
553 2293 587 2356 in
608 2295 723 2358 artium
760 2293 1046 2382 doctrinarumque
1071 2291 1203 2356 historia
1221 2291 1290 2356 ani-

268 2457 270 2462 ·
292 2409 491 2475 madvertere
513 2411 607 2490 licet,
628 2411 736 2476 literas
756 2413 904 2477 celeriter
923 2413 1042 2497 arripi,
1075 2431 1291 2498 magnamque

254 2484 287 2512 Μ’)

266 2521 278 2542 η,

278 2521 360 2624 'itup
379 2539 521 2614 tempore
542 2531 888 2615 praestantissimorum
908 2530 1049 2593 rirorum
1072 2551 1139 2593 esse
1154 2549 1294 2613 proven-

296 2654 384 2738 tumJ,
404 2659 473 2712 tum
490 2671 566 2714 vero
583 2649 687 2712 studia
703 2649 924 2713 defervescere
940 2659 972 2711 et
990 2648 1106 2710 sensim
1123 2646 1293 2731 paulatim-

294 2786 359 2852 que
372 2767 528 2867 ebdngui.
556 2767 659 2830 Prima
679 2789 753 2830 rero
771 2767 968 2832 Graecarum
982 2765 1149 2828 literarum
1169 2774 1291 2842 aetate,

294 2905 378 2970 quae
400 2884 469 2947 fere
484 2868 629 2983 'boetica
654 2885 760 2948 vocari
787 2879 888 2959 solet,
919 2895 987 2947 erat
1006 2903 1082 2946 sane
1105 2882 1293 2946 summatis

294 3000 499 3088 ingeniorum
525 2989 689 3078 el'iervor
718 3001 910 3089 divinusque
936 2999 1070 3064 afflatus.
1095 2999 1161 3063 Nee
1186 3010 1294 3064 tamen

293 3118 350 3180 ille
368 3117 474 3182 ferror
493 3117 555 3181 tuit
574 3090 770 3205 ad'pprvum
789 3128 937 3203 tempus,
959 3137 1065 3205 neque
1090 3115 1132 3181 ad
1151 3117 1295 3203 rigorem

295 3256 389 3297 suum
407 3235 544 3300 Graecia
562 3230 774 3319 persederat,
795 3257 975 3322 praegnans
994 3235 1057 3299 fuit
1076 3235 1133 3300 illa
1158 3245 1244 3300 aetas
1264 3245 1297 3298 et

298 3353 479 3438 parturiens
509 3366 544 3417 ut
569 3367 680 3438 postea
701 3345 827 3440 frbctus
852 3365 1045 3441 apparerent
1068 3365 1155 3422 tanta
1178 3377 1295 3419 conce-

295 3455 407 3556 ptione
431 3470 625 3559 dignissimi,
658 3483 751 3552 turn,
785 3494 907 3562 quum,
936 3483 973 3536 ut
998 3470 1129 3535 dennis
1161 3470 1296 3536 Athenis

297 3589 460 3670 dicamus,
485 3601 573 3656 tanta
598 3592 804 3679 ingeniorum
817 3592 909 3678 copia
919 3592 1009 3656 illam
1027 3591 1142 3654 urbem
1155 3590 1296 3656 illustra·

297 3719 362 3785 ret,
376 3719 413 3771 ut
430 3709 487 3796 qui
506 3718 615 3793 postea
634 3731 672 3774 eo
685 3711 821 3790 reniret,
838 3732 1036 3799 quacunque
1047 3709 1294 3797 ingrederetur,

294 3825 328 3888 in
345 3825 488 3913 aliquam
507 3824 671 3892 historiam
692 3829 861 3916 vestigium
878 3840 1023 3916 poneret.

341 3941 435 4030 Agite
450 3965 542 4010 vero:
563 3957 638 4011 sunt
659 3947 693 4011 in
716 3947 812 4012 rebus
829 3947 992 4026 humanis,
1005 3967 1090 4034 quae
1108 3947 1169 4010 sibi
1185 3968 1297 4032 super-

296 4058 384 4122 stites
405 4057 583 4128 rideantur.
613 4063 742 4131 Virtute
756 4065 856 4130 crevit
869 4066 1051 4129 Romanum
1069 4063 1242 4150 imperium
1257 4064 1297 4129 ad

299 4197 435 4265 eamque
459 4179 714 4266 magnitudinem
737 4193 767 4247 et
790 4181 972 4247 firmitatem
997 4181 1169 4248 fundatum
1194 4195 1226 4247 et
1244 4203 1297 4246 er-

1118 4334 1128 4367 1
