3160 5018
788 412 829 472 22

309 605 457 674 Amores
474 605 664 692 inscriptum
679 606 819 671 Lucieno
840 604 1030 670 vindicatur.
1052 606 1195 690 scriptor
1209 603 1305 689 hujus

308 723 605 790 inverecundissimi
630 721 735 807 operis
768 723 828 786 iter
850 731 998 800 enarrat,
1030 721 1169 806 inquo,
1202 741 1303 807 quum

307 863 326 905 ο
349 836 466 929 Syria¹
495 839 529 902 iu
553 839 677 905 ltaliam
697 840 709 876 ²
726 838 899 926 navigans,
922 838 963 903 ad
990 837 1140 903 Rhodum
1172 849 1204 904 et
1231 839 1308 904 Cni-

309 958 387 1024 dum
406 956 582 1041 appulisset
599 955 622 1036 ⁸,
643 957 744 1022 socios
772 955 848 1021 inde
864 980 883 1021 a
902 954 1016 1022 Rhodo
1043 954 1197 1021 adsumsit
1225 954 1304 1022 duos

306 1079 369 1164 ipsi
390 1076 562 1140 familiares
582 1076 722 1141 Graecos
753 1074 915 1156 homines,
946 1076 1084 1140 altorum
1103 1096 1301 1160 puerorum,

307 1196 446 1260 alterum
466 1193 639 1256 mulierum
658 1204 833 1259 amatorem
854 1192 888 1273 ⁴3
921 1214 1060 1279 quorum
1086 1191 1214 1257 exhibet
1237 1191 1303 1257 dis·

306 1312 489 1398 putationes
511 1309 551 1375 de
574 1321 714 1397 utroque
737 1311 852 1376 amoris
871 1332 989 1398 genere
1011 1307 1034 1376 ⁵.

351 1427 503 1514 Plerique
536 1415 643 1493 tamen
676 1430 867 1514 interpretes
894 1427 983 1492 hunc
1014 1426 1161 1491 libellum
1195 1437 1302 1490 nostro

306 1545 567 1630 abjudicarunt,
594 1556 727 1632 propter
748 1545 958 1633 sophisticum
976 1544 1069 1608 nimis
1094 1558 1126 1607 et
1152 1542 1301 1606 aLucia-

306 1688 366 1730 nco
388 1687 518 1751 prorsus
539 1663 775 1749 discrepantem
792 1666 911 1730 stilum.
931 1663 1033 1749 Hujus
1052 1674 1164 1728 contra
1181 1661 1303 1752 discre-

305 1785 433 1869 pantiae
452 1795 487 1862 t,
523 1804 606 1869 quae
637 1805 713 1848 sane
738 1783 936 1848 incredibilis
969 1794 1035 1861 est,
1070 1782 1218 1847 idoneam
1246 1778 1301 1842 alii

340 2044 351 2080 1
370 2047 402 2094 Ut
415 2054 509 2106 apparet
520 2047 599 2095 Amor.
615 2061 635 2090 c.
649 2041 672 2092 7.

340 2139 353 2170 ²
368 2143 448 2191 Amor.
463 2140 515 2191 ο.6
532 2150 556 2188 et
571 2140 610 2189 10.

341 2242 354 2273 ι
372 2239 434 2292 reia.
448 2257 469 2286 ο.
481 2226 498 2286 'o
510 2246 533 2284 et
545 2235 586 2285 11.

341 2329 357 2365 4
375 2334 435 2382 lhid.
448 2351 469 2384 c.
484 2330 523 2382 10.

341 2427 352 2462 ⁵
369 2431 449 2481 Amor.
462 2448 483 2480 ο.
501 2427 614 2492 19-28,
633 2429 742 2480 30-49.
767 2431 898 2492 Colloqium
919 2442 994 2480 sutem
1017 2430 1092 2493 agitur
1108 2430 1168 2476 inter
1190 2431 1300 2492 Lyciuum

304 2529 327 2568 et
341 2518 517 2566 Theomnastum
537 2516 671 2578 quemdam,
691 2515 783 2578 utrique
800 2515 884 2563 amoris
903 2517 981 2579 generi
993 2515 1139 2564 vehementer
1151 2516 1252 2564 deditum
1268 2518 1300 2582 (ο.

305 2603 322 2654 2
334 2613 358 2653 et
370 2601 410 2668 6),
425 2619 506 2665 aquo,
519 2611 570 2664 post
582 2603 674 2649 brevem
686 2600 768 2664 Lyciui
780 2600 888 2662 epicrisin
899 2601 930 2663 (c.
944 2599 986 2650 51.
998 2598 1134 2664 γαμητέον
1147 2595 1298 2659 petronae,

304 2686 500 2754 παιδεραστεῖν
516 2682 548 2735 δὲ
561 2684 676 2744 ἐφείσθω
690 2683 779 2744 μόνοις
790 2690 847 2742 τοῖς
859 2690 954 2744 σοφοῖς·
972 2701 996 2734 ιι.
1009 2699 1035 2732 τ.
1051 2681 1087 2748 λ.)
1101 2684 1232 2744 turpissima
1242 2699 1295 2745 per·

305 2772 380 2821 oratio
393 2769 516 2831 disputatis
527 2769 634 2830 additur,
647 2784 668 2816 c.
680 2766 722 2816 53.
732 2785 766 2830 sq.

341 2868 356 2902 6
373 2867 436 2930 Quos
453 2866 505 2914 vide
520 2880 626 2913 recensus
641 2865 701 2925 apud
713 2863 839 2912 lehmarrn.
855 2865 884 2912 ad
901 2865 971 2927 titul,
990 2864 1045 2913 libr.
1064 2863 1091 2912 Τ.
1104 2863 1140 2925 V,
1157 2880 1180 2924 p.
1193 2860 1244 2912 566
1261 2880 1295 2925 sq.

305 2952 331 3000 C.
345 2951 374 2998 G.
388 2949 504 3012 Jacobua,
516 2949 557 3011 qui
569 2949 594 2996 iu
608 2948 636 2995 iis
650 2958 797 3011 numeratur,
811 2949 947 2997 seutentiam
959 2965 1023 2996 suam
1036 2949 1107 3014 (riht.
1117 2949 1196 2997 Critic.
1209 2948 1297 2996 Hilder.

305 3031 401 3082 ..1822
413 3069 420 3096 ,
433 3041 493 3093 part.
505 3030 534 3086 1,
548 3049 571 3093 p.
581 3030 630 3081 195
643 3042 666 3080 et
679 3033 768 3096 Proleg.
788 3035 817 3081 ad
828 3034 943 3094 Toxarin,
957 3035 1000 3082 Ed.
1016 3031 1096 3095 1826,
1108 3033 1212 3096 p.VIll)
1221 3043 1299 3094 postea

305 3117 419 3178 mutavit,
432 3117 458 3164 in
470 3114 581 3165 Charakt.
598 3116 693 3164 Lucian.
707 3116 776 3180 830,
797 3118 839 3165 ubi
849 3117 946 3165 Luciani
958 3118 1095 3166 sententiam
1107 3119 1134 3166 de
1152 3119 1298 3166 institutione

306 3219 336 3249 cx
348 3201 472 3251 Amoribus
485 3199 613 3247 illustravit
625 3198 690 3255 83l‚
706 3199 739 3249 33
749 3202 842 3264 (Amor.
856 3219 876 3249 o·
885 3203 932 3263 tt,
945 3200 1001 3265 45);
1015 3203 1040 3249 in
1052 3218 1156 3264 quoeum
1166 3211 1258 3250 secutus
1264 3211 1299 3248 est

304 3287 345 3333 llr.
356 3285 395 3332 Fr.
409 3285 513 3343 Cramer,
528 3282 659 3332 Geschiclrt.
672 3285 695 3333 d.
710 3284 810 3348 Erzielr„
823 3287 864 3334 Bd.
876 3285 916 3347 ll,
930 3285 953 3334 S.
965 3285 1012 3334 721
1024 3303 1060 3349 sq.
1069 3313 1100 3324 -
1111 3287 1175 3336 Guil.
1188 3287 1297 3343 Dindorf,

302 3371 328 3418 in
340 3369 383 3417 Ed.
400 3366 474 3416 Paris.
489 3367 577 3416 Didotii
592 3365 674 3428 1840,
687 3377 804 3431 tamquam
817 3369 919 3431 spurium
937 3371 1043 3418 libellum
1054 3371 1152 3419 notavit.
1165 3370 1295 3436 (Wieland.

303 3455 346 3504 rh.
361 3453 413 3516 111,
428 3453 452 3502 S.
464 3451 526 3517 282,
543 3453 569 3500 in
588 3453 686 3518 Imagiu.
699 3471 720 3502 c.
736 3457 760 3503 4.
774 3457 967 3518 opportunitatem
979 3457 1054 3518 operia
1066 3457 1137 3520 hujus
1154 3456 1296 3504 subornandi

302 3539 389 3600 luisse,
402 3553 450 3585 nou
465 3539 515 3586 aine
532 3555 613 3586 caussa
626 3538 774 3607 auspicatur.)

340 3635 352 3668 7
371 3635 395 3682 Si
407 3634 460 3696 quia
471 3634 549 3696 cupiat
563 3635 675 3698 specimen
688 3636 773 3684 videre.
791 3639 915 3687 Auctorem
928 3638 1020 3687 initium
1030 3639 1145 3687 iacturum
1164 3639 1213 3701 τῆς
1229 3636 1298 3688 ἀπο·

302 3719 392 3785 δήμου
419 3718 563 3786 στρατείας
591 3721 744 3768 comitabatur
766 3721 896 3779 παιδείας
916 3720 1029 3792 λιπαρὴς
1051 3721 1141 3788 ὄχλος,
1164 3724 1205 3785 qui
1223 3724 1252 3770 ab
1271 3738 1300 3772 eo

302 3801 414 3871 ἀνιαρῶς
424 3801 629 3867 διεζεύγνυντο,
640 3802 692 3853 oti.
712 3803 830 3854 Sermones
841 3807 866 3853 in
878 3806 958 3854 itinere
966 3806 1067 3854 instituti
1074 3803 1298 3874 σπουδὴνὶλαρᾶν

302 3889 360 3947 ἅμα
378 3887 425 3936 καί
439 3885 553 3936 παιδιὰν
568 3885 696 3947 εἰίμουσον
710 3888 835 3948 habehant,
855 3909 875 3938 e.
889 3889 930 3939 53.
954 3891 1002 3952 lpai
1020 3899 1110 3948 autem,
1129 3892 1178 3952 jam
1193 3889 1298 3958 σφόδρα

302 3969 416 4030 διψῶντι
427 3971 555 4037 τοιαύτης
565 3970 687 4032 ἀνέσεως,
704 3973 826 4042 εὔκαιρος
841 3975 858 4038 ἡ
871 3973 925 4024 τῶν
937 3971 1037 4041 ἱλαρῶν
1049 3987 1095 4022 σου
1103 3973 1298 4038 (Θεομνήστου)

304 4057 387 4122 λόγων
407 4058 489 4125 ἐρρύη
509 4057 592 4126 χάρις·
612 4078 632 4107 o.
645 4060 665 4107 l.
679 4059 781 4123 Namque
801 4060 961 4110 ποθοῦσι-οἱ
979 4058 1112 4121 φιλότιμοι
1125 4059 1201 4111 πόνοι
1214 4056 1295 4126 μικρὰ

304 4139 358 4191 τῶν
376 4139 509 4206 ἐπαχθῶν
527 4141 674 4208 φροντίδων
690 4143 879 4210 palestinae
897 4145 935 4200 εἷς
957 4141 1056 4207 ἡδονὰς
1074 4140 1217 4211 ἀνίεσθαιξ,
1234 4159 1255 4192 e.
1269 4144 1291 4192 l.
