<?xml version="1.0" encoding="UTF-8"?>
<!DOCTYPE html PUBLIC "-//W3C//DTD XHTML 1.0 Transitional//EN"
    "http://www.w3.org/TR/xhtml1/DTD/xhtml1-transitional.dtd">
<html xmlns="http://www.w3.org/1999/xhtml" xml:lang="en" lang="en">
 <head>
  <title>
</title>
<meta http-equiv="Content-Type" content="text/html;charset=utf-8" />
  <meta name='ocr-system' content='tesseract 3.04.00' />
  <meta name='ocr-capabilities' content='ocr_page ocr_carea ocr_par ocr_line ocrx_word'/>
</head>
<body>
  <div class='ocr_page' id='page_1' title='image "./dissertatiolite00meesgoog_0022.png"; bbox 0 0 3160 5018; ppageno 0'>
   <div class='ocr_carea' id='block_1_1' title="bbox 789 397 807 456">
    <p class='ocr_par' dir='ltr' id='par_1_1' title="bbox 789 397 807 456">
     <span class='ocr_line' id='line_1_1' title="bbox 789 397 807 456; baseline 0 0"><span class='ocrx_word' id='word_1_1' title='bbox 789 397 807 456; x_wconf 90' lang='lat'><strong>7</strong></span> 
     </span>
    </p>
   </div>
   <div class='ocr_carea' id='block_1_2' title="bbox 294 584 1316 2914">
    <p class='ocr_par' dir='ltr' id='par_1_2' title="bbox 302 584 1306 1145">
     <span class='ocr_line' id='line_1_2' title="bbox 304 584 1302 676; baseline -0.001 -20"><span class='ocrx_word' id='word_1_2' title='bbox 304 614 400 656; x_wconf 88' lang='lat' dir='ltr'><strong>cursu</strong></span> <span class='ocrx_word' id='word_1_3' title='bbox 412 591 669 676; x_wconf 87' lang='lat' dir='ltr'><strong>institutousque</strong></span> <span class='ocrx_word' id='word_1_4' title='bbox 681 585 715 651; x_wconf 91' lang='lat' dir='ltr'><strong>in</strong></span> <span class='ocrx_word' id='word_1_5' title='bbox 726 586 928 652; x_wconf 88' lang='lat' dir='ltr'><strong>occidentem</strong></span> <span class='ocrx_word' id='word_1_6' title='bbox 948 584 1087 653; x_wconf 81' lang='lat' dir='ltr'><strong>devehit.</strong></span> <span class='ocrx_word' id='word_1_7' title='bbox 1111 589 1183 673; x_wconf 87' lang='lat' dir='ltr'><strong>lpse</strong></span> <span class='ocrx_word' id='word_1_8' title='bbox 1194 601 1302 655; x_wconf 86' lang='lat' dir='ltr'><strong>autern</strong></span> 
     </span>
     <span class='ocr_line' id='line_1_3' title="bbox 302 703 1304 794; baseline -0.002 -22"><span class='ocrx_word' id='word_1_9' title='bbox 302 713 335 774; x_wconf 91' lang='lat' dir='ltr'><strong>in</strong></span> <span class='ocrx_word' id='word_1_10' title='bbox 357 710 414 774; x_wconf 93' lang='lat' dir='ltr'><strong>illo</strong></span> <span class='ocrx_word' id='word_1_11' title='bbox 437 709 554 773; x_wconf 89' lang='lat' dir='ltr'><strong>itinere</strong></span> <span class='ocrx_word' id='word_1_12' title='bbox 573 706 701 771; x_wconf 87' lang='lat' dir='ltr'><strong>seminis</strong></span> <span class='ocrx_word' id='word_1_13' title='bbox 732 705 855 794; x_wconf 92' lang='lat' dir='ltr'><strong>aliquid</strong></span> <span class='ocrx_word' id='word_1_14' title='bbox 877 706 910 768; x_wconf 91' lang='lat' dir='ltr'><strong>in</strong></span> <span class='ocrx_word' id='word_1_15' title='bbox 942 716 1059 770; x_wconf 88' lang='lat' dir='ltr'><strong>terram</strong></span> <span class='ocrx_word' id='word_1_16' title='bbox 1081 703 1222 788; x_wconf 86' lang='lat' dir='ltr'><strong>dejicere</strong></span> <span class='ocrx_word' id='word_1_17' title='bbox 1244 707 1304 771; x_wconf 90' lang='lat' dir='ltr'><strong>sibi</strong></span> 
     </span>
     <span class='ocr_line' id='line_1_4' title="bbox 304 822 1305 915; baseline -0.003 -23"><span class='ocrx_word' id='word_1_18' title='bbox 304 829 432 893; x_wconf 83' lang='lat' dir='ltr'><strong>ridetur·</strong></span> <span class='ocrx_word' id='word_1_19' title='bbox 451 843 483 904; x_wconf 82' lang='lat'><strong>¹,</strong></span> <span class='ocrx_word' id='word_1_20' title='bbox 512 847 615 915; x_wconf 90' lang='lat' dir='ltr'><strong>eoque</strong></span> <span class='ocrx_word' id='word_1_21' title='bbox 634 825 778 890; x_wconf 91' lang='lat' dir='ltr'><strong>omnium</strong></span> <span class='ocrx_word' id='word_1_22' title='bbox 795 825 857 889; x_wconf 86' lang='lat' dir='ltr'><strong>sibi</strong></span> <span class='ocrx_word' id='word_1_23' title='bbox 875 822 986 888; x_wconf 89' lang='lat' dir='ltr'><strong>laudes</strong></span> <span class='ocrx_word' id='word_1_24' title='bbox 1007 835 1039 890; x_wconf 89' lang='lat' dir='ltr'><strong>et</strong></span> <span class='ocrx_word' id='word_1_25' title='bbox 1058 824 1305 891; x_wconf 72' lang='lat' dir='ltr'><strong>acclamationes</strong></span> 
     </span>
     <span class='ocr_line' id='line_1_5' title="bbox 305 941 1306 1032; baseline -0.004 -21"><span class='ocrx_word' id='word_1_26' title='bbox 305 946 499 1022; x_wconf 86' lang='lat' dir='ltr'><strong>conciliare,</strong></span> <span class='ocrx_word' id='word_1_27' title='bbox 532 953 631 1032; x_wconf 92' lang='lat' dir='ltr'><strong>atque</strong></span> <span class='ocrx_word' id='word_1_28' title='bbox 657 941 771 1007; x_wconf 82' lang='lat' dir='ltr'><strong>exinde</strong></span> <span class='ocrx_word' id='word_1_29' title='bbox 807 942 907 1007; x_wconf 81' lang='lat' dir='ltr'>redux</span> <span class='ocrx_word' id='word_1_30' title='bbox 936 941 1158 1008; x_wconf 89' lang='lat' dir='ltr'><strong>honestissimo</strong></span> <span class='ocrx_word' id='word_1_31' title='bbox 1185 944 1306 1010; x_wconf 87' lang='lat' dir='ltr'><strong>amictu</strong></span> 
     </span>
     <span class='ocr_line' id='line_1_6' title="bbox 307 1061 817 1145; baseline -0.006 -18"><span class='ocrx_word' id='word_1_32' title='bbox 307 1061 438 1127; x_wconf 90' lang='lat' dir='ltr'><strong>indutus</strong></span> <span class='ocrx_word' id='word_1_33' title='bbox 454 1061 538 1145; x_wconf 89' lang='lat' dir='ltr'><strong>patri</strong></span> <span class='ocrx_word' id='word_1_34' title='bbox 557 1081 614 1124; x_wconf 92' lang='lat' dir='ltr'><strong>suo</strong></span> <span class='ocrx_word' id='word_1_35' title='bbox 638 1062 817 1125; x_wconf 90' lang='lat' dir='ltr'><strong>monstrari.</strong></span> 
     </span>
    </p>

    <p class='ocr_par' dir='ltr' id='par_1_3' title="bbox 294 1178 1316 2914">
     <span class='ocr_line' id='line_1_7' title="bbox 352 1178 1306 1264; baseline -0.002 -22"><span class='ocrx_word' id='word_1_36' title='bbox 352 1179 564 1262; x_wconf 85' lang='lat' dir='ltr'><strong>Quantumvis</strong></span> <span class='ocrx_word' id='word_1_37' title='bbox 593 1189 700 1245; x_wconf 90' lang='lat' dir='ltr'><strong>autem</strong></span> <span class='ocrx_word' id='word_1_38' title='bbox 721 1178 890 1264; x_wconf 89' lang='lat' dir='ltr'><strong>splendida</strong></span> <span class='ocrx_word' id='word_1_39' title='bbox 917 1180 980 1243; x_wconf 89' lang='lat' dir='ltr'><strong>sint</strong></span> <span class='ocrx_word' id='word_1_40' title='bbox 998 1179 1087 1243; x_wconf 92' lang='lat' dir='ltr'><strong>illius</strong></span> <span class='ocrx_word' id='word_1_41' title='bbox 1106 1179 1222 1244; x_wconf 89' lang='lat' dir='ltr'><strong>somnii</strong></span> <span class='ocrx_word' id='word_1_42' title='bbox 1240 1179 1306 1242; x_wconf 80' lang='lat' dir='ltr'><strong>visa</strong></span> 
     </span>
     <span class='ocr_line' id='line_1_8' title="bbox 307 1296 1312 1388; baseline -0.004 -27"><span class='ocrx_word' id='word_1_43' title='bbox 307 1310 339 1361; x_wconf 92' lang='lat' dir='ltr'><strong>et</strong></span> <span class='ocrx_word' id='word_1_44' title='bbox 364 1297 604 1364; x_wconf 87' lang='lat' dir='ltr'><strong>accommodata</strong></span> <span class='ocrx_word' id='word_1_45' title='bbox 629 1297 669 1362; x_wconf 94' lang='lat' dir='ltr'><strong>ad</strong></span> <span class='ocrx_word' id='word_1_46' title='bbox 701 1296 913 1384; x_wconf 85' lang='lat' dir='ltr'><strong>designandas</strong></span> <span class='ocrx_word' id='word_1_47' title='bbox 940 1297 1057 1364; x_wconf 86' lang='lat' dir='ltr'><strong>alacris</strong></span> <span class='ocrx_word' id='word_1_48' title='bbox 1096 1308 1128 1362; x_wconf 98' lang='lat' dir='ltr'><strong>et</strong></span> <span class='ocrx_word' id='word_1_49' title='bbox 1164 1297 1312 1388; x_wconf 78' lang='lat' dir='ltr'><strong>generosi</strong></span> 
     </span>
     <span class='ocr_line' id='line_1_9' title="bbox 306 1413 1315 1506; baseline -0.002 -26"><span class='ocrx_word' id='word_1_50' title='bbox 306 1417 429 1506; x_wconf 83' lang='lat' dir='ltr'><strong>ingenii</strong></span> <span class='ocrx_word' id='word_1_51' title='bbox 457 1417 685 1506; x_wconf 83' lang='lat' dir='ltr'><strong>cogitationes,</strong></span> <span class='ocrx_word' id='word_1_52' title='bbox 716 1439 752 1482; x_wconf 82' lang='lat' dir='ltr'><strong>ex</strong></span> <span class='ocrx_word' id='word_1_53' title='bbox 781 1415 921 1505; x_wconf 90' lang='lat' dir='ltr'><strong>quodam</strong></span> <span class='ocrx_word' id='word_1_54' title='bbox 948 1427 1057 1481; x_wconf 89' lang='lat' dir='ltr'><strong>tamen</strong></span> <span class='ocrx_word' id='word_1_55' title='bbox 1081 1413 1315 1481; x_wconf 89' lang='lat' dir='ltr'><strong>declamatorio</strong></span> 
     </span>
     <span class='ocr_line' id='line_1_10' title="bbox 306 1531 1310 1621; baseline -0.005 -22"><span class='ocrx_word' id='word_1_56' title='bbox 306 1533 418 1599; x_wconf 92' lang='lat' dir='ltr'><strong>habitu</strong></span> <span class='ocrx_word' id='word_1_57' title='bbox 434 1547 469 1615; x_wconf 84' lang='lat'><strong>2,</strong></span> <span class='ocrx_word' id='word_1_58' title='bbox 501 1555 597 1621; x_wconf 92' lang='lat' dir='ltr'><strong>quem</strong></span> <span class='ocrx_word' id='word_1_59' title='bbox 626 1534 725 1598; x_wconf 78' lang='lat' dir='ltr'><strong>refert</strong></span> <span class='ocrx_word' id='word_1_60' title='bbox 753 1533 839 1618; x_wconf 92' lang='lat' dir='ltr'><strong>apud</strong></span> <span class='ocrx_word' id='word_1_61' title='bbox 857 1535 1035 1600; x_wconf 88' lang='lat' dir='ltr'><strong>Luciauum</strong></span> <span class='ocrx_word' id='word_1_62' title='bbox 1057 1535 1159 1599; x_wconf 93' lang='lat' dir='ltr'><strong>oratio</strong></span> <span class='ocrx_word' id='word_1_63' title='bbox 1179 1531 1310 1600; x_wconf 69' lang='lat' dir='ltr'><strong>Emedi-</strong></span> 
     </span>
     <span class='ocr_line' id='line_1_11' title="bbox 308 1650 1311 1738; baseline -0.001 -23"><span class='ocrx_word' id='word_1_64' title='bbox 308 1652 434 1731; x_wconf 78' lang='lat' dir='ltr'><strong>ts&#39;osrr&#39;r,</strong></span> <span class='ocrx_word' id='word_1_65' title='bbox 457 1662 489 1714; x_wconf 91' lang='lat' dir='ltr'><strong>et</strong></span> <span class='ocrx_word' id='word_1_66' title='bbox 502 1650 685 1728; x_wconf 84' lang='lat' dir='ltr'><strong>crebriore,</strong></span> <span class='ocrx_word' id='word_1_67' title='bbox 705 1651 838 1738; x_wconf 87' lang='lat' dir='ltr'><strong>quaein</strong></span> <span class='ocrx_word' id='word_1_68' title='bbox 855 1672 891 1715; x_wconf 86' lang='lat' dir='ltr'><strong>ea</strong></span> <span class='ocrx_word' id='word_1_69' title='bbox 911 1651 1128 1735; x_wconf 86' lang='lat' dir='ltr'><strong>conspicitur,</strong></span> <span class='ocrx_word' id='word_1_70' title='bbox 1149 1670 1311 1716; x_wconf 89' lang='lat' dir='ltr'><strong>commen-</strong></span> 
     </span>
     <span class='ocr_line' id='line_1_12' title="bbox 310 1766 1312 1855; baseline -0.002 -24"><span class='ocrx_word' id='word_1_71' title='bbox 310 1767 439 1833; x_wconf 77' lang='lat' dir='ltr'><strong>datione</strong></span> <span class='ocrx_word' id='word_1_72' title='bbox 457 1767 619 1834; x_wconf 80' lang='lat' dir='ltr'><strong>facultatis</strong></span> <span class='ocrx_word' id='word_1_73' title='bbox 648 1767 732 1830; x_wconf 92' lang='lat' dir='ltr'><strong>bene</strong></span> <span class='ocrx_word' id='word_1_74' title='bbox 756 1767 886 1832; x_wconf 87' lang='lat' dir='ltr'><strong>dicendi</strong></span> <span class='ocrx_word' id='word_1_75' title='bbox 906 1771 937 1847; x_wconf 76' lang='lat'><strong>³,</strong></span> <span class='ocrx_word' id='word_1_76' title='bbox 966 1766 1035 1850; x_wconf 87' lang='lat' dir='ltr'><strong>jam</strong></span> <span class='ocrx_word' id='word_1_77' title='bbox 1063 1768 1220 1854; x_wconf 87' lang='lat' dir='ltr'><strong>suspicari</strong></span> <span class='ocrx_word' id='word_1_78' title='bbox 1239 1767 1312 1855; x_wconf 91' lang='lat' dir='ltr'><strong>quis</strong></span> 
     </span>
     <span class='ocr_line' id='line_1_13' title="bbox 310 1883 1313 1974; baseline -0.004 -24"><span class='ocrx_word' id='word_1_79' title='bbox 310 1885 429 1970; x_wconf 86' lang='lat' dir='ltr'><strong>possit,</strong></span> <span class='ocrx_word' id='word_1_80' title='bbox 461 1886 584 1969; x_wconf 88' lang='lat' dir='ltr'><strong>primae</strong></span> <span class='ocrx_word' id='word_1_81' title='bbox 617 1883 705 1947; x_wconf 91' lang='lat' dir='ltr'><strong>illius</strong></span> <span class='ocrx_word' id='word_1_82' title='bbox 728 1884 860 1951; x_wconf 86' lang='lat' dir='ltr'><strong>Luciani</strong></span> <span class='ocrx_word' id='word_1_83' title='bbox 893 1885 1046 1960; x_wconf 76' lang='grc' dir='ltr'><strong>παιδείας</strong></span> <span class='ocrx_word' id='word_1_84' title='bbox 1076 1883 1313 1974; x_wconf 92' lang='lat' dir='ltr'><strong>quodammodo</strong></span> 
     </span>
     <span class='ocr_line' id='line_1_14' title="bbox 311 2002 1313 2092; baseline -0.002 -24"><span class='ocrx_word' id='word_1_85' title='bbox 311 2003 482 2068; x_wconf 89' lang='lat' dir='ltr'><strong>oratoriam</strong></span> <span class='ocrx_word' id='word_1_86' title='bbox 499 2004 596 2066; x_wconf 88' lang='lat' dir='ltr'><strong>fuisse</strong></span> <span class='ocrx_word' id='word_1_87' title='bbox 618 2002 772 2068; x_wconf 88' lang='lat' dir='ltr'><strong>indolem.</strong></span> <span class='ocrx_word' id='word_1_88' title='bbox 797 2003 905 2092; x_wconf 85' lang='lat' dir='ltr'><strong>Atque</strong></span> <span class='ocrx_word' id='word_1_89' title='bbox 928 2004 973 2068; x_wconf 91' lang='lat' dir='ltr'><strong>ita</strong></span> <span class='ocrx_word' id='word_1_90' title='bbox 995 2025 1046 2068; x_wconf 88' lang='lat' dir='ltr'><strong>res</strong></span> <span class='ocrx_word' id='word_1_91' title='bbox 1064 2003 1194 2072; x_wconf 91' lang='lat' dir='ltr'><strong>omuino</strong></span> <span class='ocrx_word' id='word_1_92' title='bbox 1206 2026 1239 2067; x_wconf 88' lang='lat' dir='ltr'><strong>so</strong></span> <span class='ocrx_word' id='word_1_93' title='bbox 1255 2002 1313 2066; x_wconf 87' lang='lat' dir='ltr'><strong>ha-</strong></span> 
     </span>
     <span class='ocr_line' id='line_1_15' title="bbox 312 2119 1312 2208; baseline 0 -23"><span class='ocrx_word' id='word_1_94' title='bbox 312 2121 393 2186; x_wconf 91' lang='lat' dir='ltr'><strong>buit.</strong></span> <span class='ocrx_word' id='word_1_95' title='bbox 418 2122 563 2208; x_wconf 85' lang='lat' dir='ltr'><strong>Namque</strong></span> <span class='ocrx_word' id='word_1_96' title='bbox 590 2121 668 2186; x_wconf 90' lang='lat' dir='ltr'><strong>alibi</strong></span> <span class='ocrx_word' id='word_1_97' title='bbox 688 2121 848 2186; x_wconf 68' lang='lat' dir='ltr'><strong>*tradidit</strong></span> <span class='ocrx_word' id='word_1_98' title='bbox 879 2121 1052 2188; x_wconf 90' lang='lat' dir='ltr'><strong>admodum</strong></span> <span class='ocrx_word' id='word_1_99' title='bbox 1071 2143 1105 2186; x_wconf 89' lang='lat' dir='ltr'><strong>se</strong></span> <span class='ocrx_word' id='word_1_100' title='bbox 1125 2119 1312 2188; x_wconf 87' lang='lat' dir='ltr'><strong>adolescen-</strong></span> 
     </span>
     <span class='ocr_line' id='line_1_16' title="bbox 314 2237 1313 2329; baseline 0.003 -27"><span class='ocrx_word' id='word_1_101' title='bbox 314 2250 378 2302; x_wconf 89' lang='lat' dir='ltr'><strong>tem</strong></span> <span class='ocrx_word' id='word_1_102' title='bbox 403 2239 436 2302; x_wconf 92' lang='lat' dir='ltr'><strong>in</strong></span> <span class='ocrx_word' id='word_1_103' title='bbox 454 2239 544 2304; x_wconf 90' lang='lat' dir='ltr'><strong>Ionia</strong></span> <span class='ocrx_word' id='word_1_104' title='bbox 564 2239 707 2324; x_wconf 91' lang='lat' dir='ltr'><strong>coepisse</strong></span> <span class='ocrx_word' id='word_1_105' title='bbox 723 2237 918 2305; x_wconf 77' lang='lat' dir='ltr'><strong>rhetoricae</strong></span> <span class='ocrx_word' id='word_1_106' title='bbox 939 2262 1071 2326; x_wconf 87' lang='lat' dir='ltr'><strong>operam</strong></span> <span class='ocrx_word' id='word_1_107' title='bbox 1091 2239 1187 2320; x_wconf 90' lang='lat' dir='ltr'><strong>dare,</strong></span> <span class='ocrx_word' id='word_1_108' title='bbox 1215 2251 1313 2329; x_wconf 88' lang='lat' dir='ltr'><strong>atque</strong></span> 
     </span>
     <span class='ocr_line' id='line_1_17' title="bbox 294 2355 1314 2448; baseline 0 -28"><span class='ocrx_word' id='word_1_109' title='bbox 294 2443 298 2448; x_wconf 10' lang='grc' dir='ltr'><strong><em>ᾖ</em></strong></span> <span class='ocrx_word' id='word_1_110' title='bbox 312 2357 369 2421; x_wconf 75' lang='lat' dir='ltr'><strong>illa</strong></span> <span class='ocrx_word' id='word_1_111' title='bbox 381 2355 558 2421; x_wconf 74' lang='lat' dir='ltr'><strong>exercenda</strong></span> <span class='ocrx_word' id='word_1_112' title='bbox 570 2357 717 2444; x_wconf 90' lang='lat' dir='ltr'><strong>usquein</strong></span> <span class='ocrx_word' id='word_1_113' title='bbox 728 2356 866 2422; x_wconf 88' lang='lat' dir='ltr'><strong>Galliam</strong></span> <span class='ocrx_word' id='word_1_114' title='bbox 880 2357 1062 2443; x_wconf 87' lang='lat' dir='ltr'><strong>profectum</strong></span> <span class='ocrx_word' id='word_1_115' title='bbox 1078 2358 1192 2436; x_wconf 81' lang='lat' dir='ltr'><strong>luisse,</strong></span> <span class='ocrx_word' id='word_1_116' title='bbox 1211 2379 1314 2442; x_wconf 89' lang='lat' dir='ltr'><strong>paene</strong></span> 
     </span>
     <span class='ocr_line' id='line_1_18' title="bbox 312 2474 1313 2564; baseline 0.001 -26"><span class='ocrx_word' id='word_1_117' title='bbox 312 2475 605 2564; x_wconf 85' lang='lat' dir='ltr'><strong>quadragenarium</strong></span> <span class='ocrx_word' id='word_1_118' title='bbox 622 2494 698 2538; x_wconf 84' lang='lat' dir='ltr'><strong>roro</strong></span> <span class='ocrx_word' id='word_1_119' title='bbox 718 2474 748 2537; x_wconf 88' lang='lat' dir='ltr'><strong>ei</strong></span> <span class='ocrx_word' id='word_1_120' title='bbox 777 2474 973 2540; x_wconf 84' lang='lat' dir='ltr'><strong>valedixisse.</strong></span> <span class='ocrx_word' id='word_1_121' title='bbox 999 2474 1091 2540; x_wconf 88' lang='lat' dir='ltr'><strong>Unde</strong></span> <span class='ocrx_word' id='word_1_122' title='bbox 1118 2475 1313 2561; x_wconf 89' lang='lat' dir='ltr'><strong>percipimus</strong></span> 
     </span>
     <span class='ocr_line' id='line_1_19' title="bbox 313 2593 1316 2679; baseline 0 -22"><span class='ocrx_word' id='word_1_123' title='bbox 313 2593 483 2657; x_wconf 91' lang='lat' dir='ltr'><strong>sublimem</strong></span> <span class='ocrx_word' id='word_1_124' title='bbox 502 2593 596 2656; x_wconf 91' lang='lat' dir='ltr'><strong>illum</strong></span> <span class='ocrx_word' id='word_1_125' title='bbox 615 2613 768 2674; x_wconf 78' lang='lat' dir='ltr'><strong>cursum,</strong></span> <span class='ocrx_word' id='word_1_126' title='bbox 791 2614 856 2679; x_wconf 93' lang='lat' dir='ltr'><strong>quo</strong></span> <span class='ocrx_word' id='word_1_127' title='bbox 877 2615 936 2678; x_wconf 89' lang='lat' dir='ltr'><strong>per</strong></span> <span class='ocrx_word' id='word_1_128' title='bbox 951 2595 1108 2657; x_wconf 90' lang='lat' dir='ltr'><strong>somnium</strong></span> <span class='ocrx_word' id='word_1_129' title='bbox 1134 2594 1316 2658; x_wconf 79' lang='lat' dir='ltr'><strong>oboriente</strong></span> 
     </span>
     <span class='ocr_line' id='line_1_20' title="bbox 313 2701 1316 2798; baseline -0.001 -23"><span class='ocrx_word' id='word_1_130' title='bbox 313 2714 346 2775; x_wconf 93' lang='lat' dir='ltr'><strong>iu</strong></span> <span class='ocrx_word' id='word_1_131' title='bbox 373 2701 577 2776; x_wconf 85' lang='lat' dir='ltr'><strong>occidentem</strong></span> <span class='ocrx_word' id='word_1_132' title='bbox 597 2708 748 2774; x_wconf 83' lang='lat' dir='ltr'><strong>derectus</strong></span> <span class='ocrx_word' id='word_1_133' title='bbox 776 2710 837 2790; x_wconf 92' lang='lat' dir='ltr'><strong>sit,</strong></span> <span class='ocrx_word' id='word_1_134' title='bbox 860 2712 1154 2798; x_wconf 86' lang='lat' dir='ltr'><strong>peregrinationem</strong></span> <span class='ocrx_word' id='word_1_135' title='bbox 1179 2711 1316 2776; x_wconf 85' lang='lat' dir='ltr'><strong>maxime</strong></span> 
     </span>
     <span class='ocr_line' id='line_1_21' title="bbox 311 2827 1313 2914; baseline -0.002 -18"><span class='ocrx_word' id='word_1_136' title='bbox 311 2832 409 2896; x_wconf 89' lang='lat' dir='ltr'><strong>fuisso</strong></span> <span class='ocrx_word' id='word_1_137' title='bbox 428 2830 564 2896; x_wconf 91' lang='lat' dir='ltr'><strong>rhetoris</strong></span> <span class='ocrx_word' id='word_1_138' title='bbox 581 2831 646 2893; x_wconf 88' lang='lat' dir='ltr'><strong>sire</strong></span> <span class='ocrx_word' id='word_1_139' title='bbox 666 2827 826 2914; x_wconf 91' lang='lat' dir='ltr'><strong>sophistae</strong></span> <span class='ocrx_word' id='word_1_140' title='bbox 845 2833 869 2894; x_wconf 84' lang='lat'><strong>⁵.</strong></span> <span class='ocrx_word' id='word_1_141' title='bbox 909 2831 979 2913; x_wconf 89' lang='lat' dir='ltr'><strong>Qua</strong></span> <span class='ocrx_word' id='word_1_142' title='bbox 999 2830 1129 2895; x_wconf 90' lang='lat' dir='ltr'><strong>demum</strong></span> <span class='ocrx_word' id='word_1_143' title='bbox 1150 2829 1313 2914; x_wconf 73' lang='lat' dir='ltr'><strong>perlecti,</strong></span> 
     </span>
    </p>
   </div>
   <div class='ocr_carea' id='block_1_3' title="bbox 311 2947 1316 3047">
    <p class='ocr_par' dir='ltr' id='par_1_4' title="bbox 311 2947 1316 3047">
     <span class='ocr_line' id='line_1_22' title="bbox 311 2947 1316 3047; baseline 0.002 -35"><span class='ocrx_word' id='word_1_144' title='bbox 311 2950 470 3016; x_wconf 84' lang='lat' dir='ltr'><strong>Lucienus</strong></span> <span class='ocrx_word' id='word_1_145' title='bbox 488 2949 622 3013; x_wconf 89' lang='lat' dir='ltr'><strong>a&#39;ecessit</strong></span> <span class='ocrx_word' id='word_1_146' title='bbox 638 2947 678 3013; x_wconf 92' lang='lat' dir='ltr'><strong>ad</strong></span> <span class='ocrx_word' id='word_1_147' title='bbox 694 2947 778 3012; x_wconf 93' lang='lat' dir='ltr'><strong>illud</strong></span> <span class='ocrx_word' id='word_1_148' title='bbox 799 2949 961 3015; x_wconf 89' lang='lat' dir='ltr'><strong>scribendi</strong></span> <span class='ocrx_word' id='word_1_149' title='bbox 981 2973 1103 3040; x_wconf 88' lang='lat' dir='ltr'><strong>genus,</strong></span> <span class='ocrx_word' id='word_1_150' title='bbox 1136 2972 1201 3039; x_wconf 94' lang='lat' dir='ltr'><strong>quo</strong></span> <span class='ocrx_word' id='word_1_151' title='bbox 1218 2948 1316 3047; x_wconf 85' lang='lat' dir='ltr'><strong>hodie</strong></span> 
     </span>
    </p>
   </div>
   <div class='ocr_carea' id='block_1_4' title="bbox 483 3089 596 3098">
    <p class='ocr_par' dir='ltr' id='par_1_5' title="bbox 483 3089 596 3098">
     <span class='ocr_line' id='line_1_23' title="bbox 483 3089 596 3098; baseline 0.018 -2"><span class='ocrx_word' id='word_1_152' title='bbox 483 3089 596 3098; x_wconf 48' lang='grc' dir='ltr'><strong>...κη-</strong></span> 
     </span>
    </p>
   </div>
   <div class='ocr_carea' id='block_1_5' title="bbox 314 3166 1319 3492">
    <p class='ocr_par' dir='ltr' id='par_1_6' title="bbox 314 3166 1319 3492">
     <span class='ocr_line' id='line_1_24' title="bbox 353 3166 1317 3232; baseline 0.005 -19"><span class='ocrx_word' id='word_1_153' title='bbox 353 3173 363 3200; x_wconf 83' lang='lat'><em>¹</em></span> <span class='ocrx_word' id='word_1_154' title='bbox 386 3166 465 3214; x_wconf 85' lang='lat' dir='ltr'><strong>Somn.</strong></span> <span class='ocrx_word' id='word_1_155' title='bbox 480 3184 501 3215; x_wconf 87' lang='lat' dir='ltr'><strong>c.</strong></span> <span class='ocrx_word' id='word_1_156' title='bbox 519 3166 559 3216; x_wconf 85' lang='lat'><strong>15.</strong></span> <span class='ocrx_word' id='word_1_157' title='bbox 579 3169 709 3228; x_wconf 84' lang='lat' dir='ltr'><strong>Grandior,</strong></span> <span class='ocrx_word' id='word_1_158' title='bbox 725 3184 794 3229; x_wconf 85' lang='lat' dir='ltr'><strong>quam</strong></span> <span class='ocrx_word' id='word_1_159' title='bbox 808 3170 837 3216; x_wconf 87' lang='lat' dir='ltr'><strong>ad</strong></span> <span class='ocrx_word' id='word_1_160' title='bbox 850 3170 990 3232; x_wconf 80' lang='lat' dir='ltr'><strong>designanda</strong></span> <span class='ocrx_word' id='word_1_161' title='bbox 1004 3170 1120 3220; x_wconf 86' lang='lat' dir='ltr'><strong>rhetorica</strong></span> <span class='ocrx_word' id='word_1_162' title='bbox 1134 3170 1232 3218; x_wconf 80' lang='lat' dir='ltr'><strong>luciani</strong></span> <span class='ocrx_word' id='word_1_163' title='bbox 1244 3169 1317 3218; x_wconf 75' lang='lat' dir='ltr'><strong>offici·</strong></span> 
     </span>
     <span class='ocr_line' id='line_1_25' title="bbox 315 3252 1316 3316; baseline 0.004 -20"><span class='ocrx_word' id='word_1_164' title='bbox 315 3252 506 3299; x_wconf 85' lang='lat' dir='ltr'><strong>accommodatior</strong></span> <span class='ocrx_word' id='word_1_165' title='bbox 520 3269 569 3299; x_wconf 84' lang='lat' dir='ltr'><strong>esse</strong></span> <span class='ocrx_word' id='word_1_166' title='bbox 584 3253 677 3300; x_wconf 83' lang='lat' dir='ltr'><strong>videtur</strong></span> <span class='ocrx_word' id='word_1_167' title='bbox 695 3252 751 3300; x_wconf 85' lang='lat' dir='ltr'><strong>hace</strong></span> <span class='ocrx_word' id='word_1_168' title='bbox 771 3253 907 3316; x_wconf 80' lang='lat' dir='ltr'><strong>allegorias</strong></span> <span class='ocrx_word' id='word_1_169' title='bbox 922 3253 1009 3301; x_wconf 85' lang='lat' dir='ltr'><strong>semine</strong></span> <span class='ocrx_word' id='word_1_170' title='bbox 1031 3256 1126 3302; x_wconf 86' lang='lat' dir='ltr'><strong>serendo</strong></span> <span class='ocrx_word' id='word_1_171' title='bbox 1147 3254 1232 3315; x_wconf 67' lang='lat' dir='ltr'><strong>petitas</strong></span> <span class='ocrx_word' id='word_1_172' title='bbox 1248 3269 1316 3314; x_wconf 70' lang='grc' dir='ltr'><strong>ῳιω</strong></span> 
     </span>
     <span class='ocr_line' id='line_1_26' title="bbox 314 3337 1316 3401; baseline -0.002 -13"><span class='ocrx_word' id='word_1_173' title='bbox 314 3339 388 3400; x_wconf 86' lang='lat' dir='ltr'><strong>specie</strong></span> <span class='ocrx_word' id='word_1_174' title='bbox 402 3339 500 3401; x_wconf 88' lang='lat' dir='ltr'><strong>quadam</strong></span> <span class='ocrx_word' id='word_1_175' title='bbox 512 3339 662 3400; x_wconf 85' lang='lat' dir='ltr'><strong>philosophae</strong></span> <span class='ocrx_word' id='word_1_176' title='bbox 678 3339 799 3400; x_wconf 77' lang='lat' dir='ltr'><strong>gravitatis</strong></span> <span class='ocrx_word' id='word_1_177' title='bbox 813 3339 893 3400; x_wconf 76' lang='lat' dir='ltr'><strong>(Cous.</strong></span> <span class='ocrx_word' id='word_1_178' title='bbox 903 3357 940 3387; x_wconf 85' lang='lat' dir='ltr'><strong>ex.</strong></span> <span class='ocrx_word' id='word_1_179' title='bbox 949 3359 969 3388; x_wconf 88' lang='lat' dir='ltr'><strong>c.</strong></span> <span class='ocrx_word' id='word_1_180' title='bbox 984 3339 1045 3388; x_wconf 83' lang='lat' dir='ltr'><strong>Plrt.</strong></span> <span class='ocrx_word' id='word_1_181' title='bbox 1059 3341 1157 3388; x_wconf 80' lang='lat' dir='ltr'><strong>Phaedr,</strong></span> <span class='ocrx_word' id='word_1_182' title='bbox 1171 3357 1193 3401; x_wconf 91' lang='lat' dir='ltr'><strong>p.</strong></span> <span class='ocrx_word' id='word_1_183' title='bbox 1209 3337 1268 3388; x_wconf 80' lang='grc'><strong>276.</strong></span> <span class='ocrx_word' id='word_1_184' title='bbox 1282 3339 1316 3398; x_wconf 83' lang='grc' dir='ltr'><strong>Ε,</strong></span> 
     </span>
     <span class='ocr_line' id='line_1_27' title="bbox 315 3417 1319 3492; baseline -0.003 -19"><span class='ocrx_word' id='word_1_185' title='bbox 315 3422 373 3473; x_wconf 79' lang='lat'><strong>277.</strong></span> <span class='ocrx_word' id='word_1_186' title='bbox 382 3417 425 3490; x_wconf 68' lang='grc' dir='ltr'><strong>Α.)</strong></span> <span class='ocrx_word' id='word_1_187' title='bbox 433 3424 561 3471; x_wconf 86' lang='lat' dir='ltr'><strong>nonnullos</strong></span> <span class='ocrx_word' id='word_1_188' title='bbox 570 3423 687 3471; x_wconf 84' lang='lat' dir='ltr'><strong>induxisse</strong></span> <span class='ocrx_word' id='word_1_189' title='bbox 694 3432 763 3484; x_wconf 84' lang='lat' dir='ltr'><strong>puto,</strong></span> <span class='ocrx_word' id='word_1_190' title='bbox 773 3433 799 3471; x_wconf 90' lang='lat' dir='ltr'><strong>ut</strong></span> <span class='ocrx_word' id='word_1_191' title='bbox 806 3423 980 3492; x_wconf 68' lang='grc' dir='ltr'><strong>σπειρόμενον</strong></span> <span class='ocrx_word' id='word_1_192' title='bbox 987 3425 1048 3474; x_wconf 91' lang='lat' dir='ltr'><strong>illud</strong></span> <span class='ocrx_word' id='word_1_193' title='bbox 1059 3427 1266 3487; x_wconf 84' lang='lat' dir='ltr'><strong>interpretarentur</strong></span> <span class='ocrx_word' id='word_1_194' title='bbox 1276 3439 1319 3484; x_wconf 85' lang='lat' dir='ltr'><strong>pro</strong></span> 
     </span>
    </p>
   </div>
   <div class='ocr_carea' id='block_1_6' title="bbox 311 3507 1319 3652">
    <p class='ocr_par' dir='ltr' id='par_1_7' title="bbox 311 3507 1319 3652">
     <span class='ocr_line' id='line_1_28' title="bbox 315 3507 1319 3571; baseline 0.001 -18"><span class='ocrx_word' id='word_1_195' title='bbox 315 3508 441 3556; x_wconf 52' lang='lat' dir='ltr'><strong>cantatis</strong></span> <span class='ocrx_word' id='word_1_196' title='bbox 455 3517 478 3554; x_wconf 89' lang='lat' dir='ltr'><strong>et</strong></span> <span class='ocrx_word' id='word_1_197' title='bbox 487 3521 564 3554; x_wconf 86' lang='lat' dir='ltr'><strong>ocroe</strong></span> <span class='ocrx_word' id='word_1_198' title='bbox 573 3507 724 3568; x_wconf 82' lang='lat' dir='ltr'><strong>supientiae</strong></span> <span class='ocrx_word' id='word_1_199' title='bbox 727 3508 878 3570; x_wconf 80' lang='lat' dir='ltr'><strong>principiis</strong></span> <span class='ocrx_word' id='word_1_200' title='bbox 886 3543 894 3571; x_wconf 83' lang='lat'><strong>,</strong></span> <span class='ocrx_word' id='word_1_201' title='bbox 902 3525 963 3570; x_wconf 90' lang='lat' dir='ltr'><strong>quae</strong></span> <span class='ocrx_word' id='word_1_202' title='bbox 975 3510 1112 3571; x_wconf 82' lang='lat' dir='ltr'><strong>aequalibus</strong></span> <span class='ocrx_word' id='word_1_203' title='bbox 1122 3526 1145 3557; x_wconf 85' lang='lat' dir='ltr'><strong>se</strong></span> <span class='ocrx_word' id='word_1_204' title='bbox 1159 3510 1206 3557; x_wconf 87' lang='lat' dir='ltr'><strong>suis</strong></span> <span class='ocrx_word' id='word_1_205' title='bbox 1218 3508 1319 3569; x_wconf 84' lang='lat' dir='ltr'><strong>imperti·</strong></span> 
     </span>
     <span class='ocr_line' id='line_1_29' title="bbox 311 3590 767 3652; baseline 0 -16"><span class='ocrx_word' id='word_1_206' title='bbox 311 3592 371 3638; x_wconf 87' lang='lat' dir='ltr'><strong>visse</strong></span> <span class='ocrx_word' id='word_1_207' title='bbox 385 3590 501 3639; x_wconf 81' lang='lat' dir='ltr'><strong>Lucienus</strong></span> <span class='ocrx_word' id='word_1_208' title='bbox 514 3590 539 3642; x_wconf 79' lang='lat' dir='ltr'><strong>li.</strong></span> <span class='ocrx_word' id='word_1_209' title='bbox 551 3591 569 3641; x_wconf 90' lang='lat' dir='ltr'><strong>l.</strong></span> <span class='ocrx_word' id='word_1_210' title='bbox 587 3590 767 3652; x_wconf 84' lang='lat' dir='ltr'><strong>significarissct.</strong></span> 
     </span>
    </p>
   </div>
   <div class='ocr_carea' id='block_1_7' title="bbox 349 3684 948 3847">
    <p class='ocr_par' dir='ltr' id='par_1_8' title="bbox 349 3684 948 3847">
     <span class='ocr_line' id='line_1_30' title="bbox 349 3684 708 3750; baseline 0 -14"><span class='ocrx_word' id='word_1_211' title='bbox 349 3684 361 3714; x_wconf 80' lang='lat'>²</span> <span class='ocrx_word' id='word_1_212' title='bbox 380 3689 435 3738; x_wconf 89' lang='lat' dir='ltr'><strong>Vid.</strong></span> <span class='ocrx_word' id='word_1_213' title='bbox 449 3690 474 3736; x_wconf 92' lang='lat' dir='ltr'><strong>in</strong></span> <span class='ocrx_word' id='word_1_214' title='bbox 489 3687 617 3750; x_wconf 79' lang='lat' dir='ltr'><strong>pr.,Somn.</strong></span> <span class='ocrx_word' id='word_1_215' title='bbox 633 3705 653 3736; x_wconf 88' lang='lat' dir='ltr'><strong>o.</strong></span> <span class='ocrx_word' id='word_1_216' title='bbox 669 3686 708 3736; x_wconf 85' lang='lat'><strong>13.</strong></span> 
     </span>
     <span class='ocr_line' id='line_1_31' title="bbox 349 3782 948 3847; baseline 0.002 -15"><span class='ocrx_word' id='word_1_217' title='bbox 349 3789 360 3821; x_wconf 82' lang='lat'>³</span> <span class='ocrx_word' id='word_1_218' title='bbox 382 3785 437 3834; x_wconf 85' lang='lat' dir='ltr'><strong>Vid.</strong></span> <span class='ocrx_word' id='word_1_219' title='bbox 451 3784 529 3834; x_wconf 87' lang='lat' dir='ltr'><strong>Soma.</strong></span> <span class='ocrx_word' id='word_1_220' title='bbox 543 3804 563 3834; x_wconf 90' lang='lat' dir='ltr'><strong>o.</strong></span> <span class='ocrx_word' id='word_1_221' title='bbox 580 3785 596 3833; x_wconf 79' lang='lat'>9</span> <span class='ocrx_word' id='word_1_222' title='bbox 611 3822 616 3847; x_wconf 90' lang='lat'><strong>,</strong></span> <span class='ocrx_word' id='word_1_223' title='bbox 629 3782 676 3846; x_wconf 79' lang='lat'><strong>12,</strong></span> <span class='ocrx_word' id='word_1_224' title='bbox 692 3784 735 3842; x_wconf 82' lang='lat'><strong>13;</strong></span> <span class='ocrx_word' id='word_1_225' title='bbox 752 3789 814 3836; x_wconf 86' lang='lat' dir='ltr'><strong>conl.</strong></span> <span class='ocrx_word' id='word_1_226' title='bbox 829 3787 843 3835; x_wconf 91' lang='lat'><strong>7</strong></span> <span class='ocrx_word' id='word_1_227' title='bbox 857 3789 881 3836; x_wconf 89' lang='lat' dir='ltr'><strong>ia</strong></span> <span class='ocrx_word' id='word_1_228' title='bbox 894 3787 948 3836; x_wconf 87' lang='lat' dir='ltr'><strong>line.</strong></span> 
     </span>
    </p>
   </div>
   <div class='ocr_carea' id='block_1_8' title="bbox 348 3867 1048 3952">
    <p class='ocr_par' dir='ltr' id='par_1_9' title="bbox 348 3867 1048 3952">
     <span class='ocr_line' id='line_1_32' title="bbox 348 3867 1048 3952; baseline 0.003 -26"><span class='ocrx_word' id='word_1_229' title='bbox 348 3885 364 3947; x_wconf 59' lang='lat' dir='ltr'><strong>‘g</strong></span> <span class='ocrx_word' id='word_1_230' title='bbox 381 3879 421 3926; x_wconf 75' lang='lat' dir='ltr'><strong>Bis</strong></span> <span class='ocrx_word' id='word_1_231' title='bbox 436 3878 521 3929; x_wconf 79' lang='lat' dir='ltr'><strong>Aecus.</strong></span> <span class='ocrx_word' id='word_1_232' title='bbox 534 3897 556 3931; x_wconf 90' lang='lat' dir='ltr'><strong>o.</strong></span> <span class='ocrx_word' id='word_1_233' title='bbox 567 3867 617 3952; x_wconf 74' lang='lat'><strong>27</strong></span> <span class='ocrx_word' id='word_1_234' title='bbox 632 3877 679 3950; x_wconf 76' lang='lat'><strong>32²·¹</strong></span> <span class='ocrx_word' id='word_1_235' title='bbox 700 3881 828 3944; x_wconf 63' lang='lat' dir='ltr'><strong>fflfflgrq,</strong></span> <span class='ocrx_word' id='word_1_236' title='bbox 842 3882 957 3932; x_wconf 85' lang='lat' dir='ltr'><strong>Conduot.</strong></span> <span class='ocrx_word' id='word_1_237' title='bbox 971 3897 990 3926; x_wconf 88' lang='lat' dir='ltr'><strong>o.</strong></span> <span class='ocrx_word' id='word_1_238' title='bbox 1010 3879 1048 3930; x_wconf 74' lang='lat'><strong>15.</strong></span> 
     </span>
    </p>
   </div>
   <div class='ocr_carea' id='block_1_9' title="bbox 317 3974 1326 4212">
    <p class='ocr_par' dir='ltr' id='par_1_10' title="bbox 317 3974 1326 4212">
     <span class='ocr_line' id='line_1_33' title="bbox 352 3974 1325 4042; baseline -0.004 -17"><span class='ocrx_word' id='word_1_239' title='bbox 352 3978 362 4010; x_wconf 79' lang='lat'>⁵</span> <span class='ocrx_word' id='word_1_240' title='bbox 382 3978 458 4026; x_wconf 85' lang='lat' dir='ltr'><strong>Simili</strong></span> <span class='ocrx_word' id='word_1_241' title='bbox 470 3981 536 4028; x_wconf 91' lang='lat' dir='ltr'><strong>modo</strong></span> <span class='ocrx_word' id='word_1_242' title='bbox 551 3979 722 4040; x_wconf 85' lang='lat' dir='ltr'><strong>Philostratus,</strong></span> <span class='ocrx_word' id='word_1_243' title='bbox 737 3980 761 4027; x_wconf 90' lang='lat' dir='ltr'><strong>in</strong></span> <span class='ocrx_word' id='word_1_244' title='bbox 773 3982 824 4030; x_wconf 81' lang='lat' dir='ltr'><strong>vit.</strong></span> <span class='ocrx_word' id='word_1_245' title='bbox 845 3979 948 4040; x_wconf 82' lang='lat' dir='ltr'><strong>Sophist.</strong></span> <span class='ocrx_word' id='word_1_246' title='bbox 969 3979 1012 4024; x_wconf 86' lang='lat' dir='ltr'><strong>lib.</strong></span> <span class='ocrx_word' id='word_1_247' title='bbox 1027 3979 1061 4026; x_wconf 80' lang='lat'><strong>11.</strong></span> <span class='ocrx_word' id='word_1_248' title='bbox 1085 3974 1174 4042; x_wconf 58' lang='lat'><strong>1552,</strong></span> <span class='ocrx_word' id='word_1_249' title='bbox 1196 3977 1224 4024; x_wconf 84' lang='lat' dir='ltr'><strong>de</strong></span> <span class='ocrx_word' id='word_1_250' title='bbox 1249 3974 1325 4023; x_wconf 82' lang='lat' dir='ltr'><strong>Ptolo·</strong></span> 
     </span>
     <span class='ocr_line' id='line_1_34' title="bbox 317 4053 1326 4133; baseline 0.005 -23"><span class='ocrx_word' id='word_1_251' title='bbox 317 4081 383 4110; x_wconf 83' lang='lat' dir='ltr'><strong>maro</strong></span> <span class='ocrx_word' id='word_1_252' title='bbox 391 4063 500 4124; x_wconf 87' lang='lat' dir='ltr'><strong>Sopbistt</strong></span> <span class='ocrx_word' id='word_1_253' title='bbox 509 4079 515 4110; x_wconf 77' lang='lat' dir='ltr'><strong>t</strong></span> <span class='ocrx_word' id='word_1_254' title='bbox 525 4053 612 4131; x_wconf 63' lang='grc' dir='ltr'><strong><em>ὥσπερ</em></strong></span> <span class='ocrx_word' id='word_1_255' title='bbox 627 4062 672 4114; x_wconf 70' lang='grc' dir='ltr'><strong>ἐπὶ</strong></span> <span class='ocrx_word' id='word_1_256' title='bbox 684 4061 810 4133; x_wconf 75' lang='grc' dir='ltr'><strong><em>λαμπροῦ</em></strong></span> <span class='ocrx_word' id='word_1_257' title='bbox 827 4063 967 4131; x_wconf 75' lang='grc' dir='ltr'><strong>ὀχήματος</strong></span> <span class='ocrx_word' id='word_1_258' title='bbox 981 4065 1030 4124; x_wconf 77' lang='grc' dir='ltr'><strong>τῆς</strong></span> <span class='ocrx_word' id='word_1_259' title='bbox 1041 4061 1129 4125; x_wconf 74' lang='grc' dir='ltr'><strong><em>φήμης</em></strong></span> <span class='ocrx_word' id='word_1_260' title='bbox 1135 4056 1326 4128; x_wconf 69' lang='lat' dir='ltr'><strong>mpttto&#39;pttwts</strong></span> 
     </span>
     <span class='ocr_line' id='line_1_35' title="bbox 318 4138 690 4212; baseline 0.005 -17"><span class='ocrx_word' id='word_1_261' title='bbox 318 4147 386 4210; x_wconf 67' lang='grc' dir='ltr'><em>διῄει</em></span> <span class='ocrx_word' id='word_1_262' title='bbox 402 4149 437 4196; x_wconf 81' lang='grc' dir='ltr'><strong>τὰ</strong></span> <span class='ocrx_word' id='word_1_263' title='bbox 450 4145 525 4212; x_wconf 74' lang='grc' dir='ltr'><strong>ἄστη.</strong></span> <span class='ocrx_word' id='word_1_264' title='bbox 688 4138 690 4150; x_wconf 72' lang='grc'><strong>’</strong></span> 
     </span>
    </p>
   </div>
   <div class='ocr_carea' id='block_1_10' title="bbox 0 0 1604 5018">
    <p class='ocr_par' dir='ltr' id='par_1_11' title="bbox 0 0 1604 5018">
     <span class='ocr_line' id='line_1_36' title="bbox 0 0 1604 5018; baseline 0 0"><span class='ocrx_word' id='word_1_265' title='bbox 0 0 1604 5018; x_wconf 95' lang='lat' dir='ltr'><strong> </strong></span> 
     </span>
    </p>
   </div>
  </div>
 </body>
</html>
