3160 5018
762 429 803 490 30

281 619 348 704 jam
371 623 551 707 exemplum
583 619 672 683 dedit
698 620 898 683 {dermannus
922 634 950 696 ¹,
985 620 1043 706 qui
1077 632 1162 684 recte
1186 622 1281 686 etiam

284 742 409 805 monuit
429 762 466 804 ea
485 740 617 804 Luciani
634 738 770 822 scripta,
795 757 878 824 quae
898 759 961 801 nou
979 735 1118 802 habeant
1136 740 1282 806 satiricae

284 859 413 924 rationis
431 861 629 924 manifestam
649 857 932 944 significationem,
955 857 981 920 si
999 877 1103 942 pauca
1125 857 1282 944 quaedam

284 979 444 1065 excipias,
466 975 628 1062 prioribus
648 975 716 1039 fero
736 995 834 1061 quam
852 974 1082 1059 posterioribus
1098 976 1204 1061 potius
1224 975 1282 1041 ad·

285 1093 482 1161 numeranda
499 1115 576 1158 esse.

327 1211 523 1296 Excipienda
543 1220 651 1275 autem
669 1219 765 1286 sunt,
800 1209 956 1273 nonnulla
973 1231 992 1272 a
1009 1209 1134 1275 seniore
1153 1213 1282 1297 peculi-

283 1332 390 1396 aribus
418 1325 937 1414 opportunitatibusconscripta,
964 1336 1001 1388 ut
1031 1326 1180 1414 apologia
1208 1327 1283 1395 Pro

284 1445 435 1514 Mercede
454 1444 657 1522 Conductr‘e,
672 1455 704 1507 et
723 1441 795 1505 Pro
810 1441 928 1528 Lapara
947 1444 1038 1508 inter
1052 1441 1283 1510 salutandum

284 1579 316 1632 et
335 1587 371 1630 ca
392 1561 561 1649 sophistica
584 1559 739 1644 opuscula
759 1571 795 1623 ut
820 1557 993 1644 Bacchus,
1015 1557 1195 1641 Hercules,
1220 1561 1284 1627 alia

282 1703 386 1771 pauca
400 1733 409 1761 ‚
430 1701 514 1768 quae
529 1677 711 1742 monuimus
723 1677 765 1741 ab
777 1676 950 1741 admodum
961 1698 1035 1742 sone
1046 1678 1226 1764 conscripta
1236 1678 1282 1743 ri·

284 1801 365 1868 deri.
377 1802 457 1865 Tum
468 1797 561 1862 etiam
569 1794 851 1883 maximevigeutis
860 1793 972 1858 aetatis
980 1816 1081 1859 unum
1092 1806 1123 1859 et
1132 1796 1282 1879 alterum,

283 1924 318 1986 in
339 1941 404 2006 quo
423 1914 627 2002 sophisticam
649 1915 784 1978 formam
799 1909 948 1976 adhibuit
964 1910 1004 1976 ad
1028 1912 1281 1978 commendanda

282 2038 411 2104 satirica
436 2035 573 2119 scripta,
595 2031 705 2118 qualia
730 2040 805 2093 sunt
827 2027 1053 2093 Prometheus
1071 2029 1110 2090 in
1136 2025 1170 2097 V
1168 2028 1279 2107 orbae,

285 2168 317 2222 et
337 2156 469 2220 fortasse
490 2149 617 2214 Zeuxis
631 2171 658 2212 r.
681 2145 891 2221 Actiacam
912 2144 962 2208 vel
983 2145 1017 2209 in
1030 2145 1147 2231 quihus
1160 2158 1281 2213 remoto

285 2272 372 2338 omni
395 2269 553 2334 severiore
573 2264 724 2342 consilio,
756 2283 844 2326 nunc
869 2262 966 2325 vitam
989 2273 1020 2326 ot
1036 2284 1140 2328 mores
1164 2263 1284 2328 descri-

286 2390 366 2477 psit,
387 2406 475 2452 nunc
492 2383 605 2449 festivo
623 2380 757 2469 ingenio
773 2379 850 2442 lusit
860 2403 868 2459 ;
892 2377 1076 2462 hujusmodi
1089 2390 1163 2443 suut
1176 2379 1282 2443 Mere-

259 2529 264 2570 s
286 2508 385 2574 trioii
399 2503 548 2591 Dialogi
569 2512 601 2566 et
620 2498 802 2583 complures
812 2495 960 2583 Diatoqt
976 2493 1147 2573 Deorum,
1168 2494 1204 2557 V
1202 2517 1281 2560 erae

284 2626 482 2703 Historiae,
516 2632 547 2686 et
568 2621 594 2684 si
613 2617 744 2705 quidem
760 2614 896 2680 Luciani
913 2615 953 2678 sit
971 2635 1070 2699 opus,
1086 2613 1281 2699 lepidissima

258 2723 260 2735 ,
283 2744 393 2812 sabula
408 2741 528 2810 Arioi.

324 2863 501 2946 Praecipua
522 2854 799 2930 enumerabimus,
838 2873 922 2940 quae
942 2861 1092 2936 putamus
1110 2851 1280 2936 sophistica

284 3005 351 3049 case
367 2980 485 3064 scripta
499 2987 596 3064 atque
607 2971 766 3056 juvenilia
784 2968 919 3034 Luciaui
936 2967 1041 3032 studia
1057 2967 1232 3034 declarare.

328 3101 369 3164 Et
394 3096 550 3184 primum,
572 3089 659 3180 quod
680 3111 717 3153 ex
735 3087 883 3172 ejus‘vita
897 3097 928 3150 et
952 3085 1048 3150 rebus
1067 3086 1158 3151 nobis
1180 3109 1278 3172 appa·

283 3218 365 3299 ruit,
396 3213 470 3278 satis
500 3229 661 3296 superque
692 3215 850 3271 testantur
873 3202 1045 3290 sophistica
1065 3203 1135 3288 ejus
1159 3225 1276 3289 opera,

284 3357 359 3402 eum
377 3335 412 3397 in
430 3326 559 3395 dicendi
578 3324 675 3391 laude
695 3322 917 3411 persequenda
947 3323 1110 3410 singulare
1129 3322 1186 3387 diu
1207 3333 1275 3386 stu-

284 3453 373 3518 dium
392 3447 545 3535 posuisse.
567 3443 762 3508 Luculenter
782 3441 943 3525 inprimis
961 3439 1023 3505 hoc
1044 3438 1186 3526 produnt
1202 3440 1276 3504 bre·

281 3570 384 3635 riores
408 3566 484 3631 illae
503 3559 680 3649 προλαλιαί
703 3565 714 3600 ²
745 3559 810 3622 sire
839 3556 1018 3622 rhetoricae
1040 3557 1273 3642 praefationes,

279 3743 567 3764 „ma-...-

307 3870 318 3907 ¹
339 3873 365 3924 G.
378 3871 417 3920 tr.
432 3869 563 3929 Hermann,
583 3865 609 3915 in
622 3864 722 3928 Allgem.
739 3863 832 3911 schulz.
849 3859 930 3926 1832,
948 3861 971 3910 S.
987 3859 1044 3910 808.
1064 3859 1159 3908 Secutus
1172 3877 1224 3909 eum
1239 3871 1274 3908 cat

274 3958 334 4006 God.
347 3953 503 4017 Wetrlsr,in
518 3967 581 4013 supr.
595 3952 686 3998 laudat.
704 3950 830 3997 comment.
845 3964 867 4008 p.
879 3945 921 3996 52.

312 4078 326 4109 2
345 4077 401 4125 vn.
423 4077 488 4125 nur.
510 4075 595 4124 sucu
609 4084 631 4122 a
648 4072 770 4135 narcara,
782 4072 807 4120 n
822 4072 883 4120 surr.
902 4071 1039 4133 sanstae,
1054 4089 1104 4120 am
1117 4072 1143 4118 u.
1158 4071 1228 4118 coar.
1244 4070 1269 4117 r.

280 4161 518 4228 111,p.225.231.
