3160 5018
780 413 822 474 70

358 605 382 668 E
402 605 634 670 recentioribus
655 602 884 681 Weloodun
912 603 946 666 in
969 603 1183 689 disputatione
1198 613 1307 677 Germ.

317 723 450 786 versioni
480 722 671 806 praemissA,
699 722 801 786 levius
835 740 901 783 rem
938 724 1106 804 tractarit,
1132 729 1308 815 statuitque

312 861 432 905 annum
452 863 485 926 p.
506 840 580 908 Chr.
600 839 740 920 CXVII,
760 841 782 905 i.
807 861 836 905 e.
860 837 1012 903 ultimum
1036 842 1183 926 Trajani,
1206 857 1246 910 ut
1267 869 1309 910 ne

312 955 439 1024 scidae
467 959 665 1024 auotoritas
681 979 832 1044 prorsus
849 961 1105 1049 negligentum
1133 961 1191 1028 Th.
1218 962 1250 1044 1,
1273 959 1309 1028 Si

312 1078 413 1145 XVII.
428 1077 678 1142 -Prodicrunt
698 1075 762 1141 duo
789 1076 975 1142 brevissima
995 1078 1169 1162 specimina
1187 1079 1229 1164 Ε.
1247 1081 1307 1145 Ae.

312 1193 453 1260 Struvir‘
462 1246 470 1276 ,
483 1195 524 1260 de
542 1195 675 1261 Luciani
690 1206 794 1258 aetate
807 1206 838 1258 et
854 1195 935 1275 vita,
948 1196 1070 1262 Gorlic.
1091 1198 1308 1276 1829‚·1830.

313 1314 431 1378 Statuit
450 1313 507 1380 hie
528 1339 559 1381 a.
579 1314 712 1392 CXXX3
735 1333 753 1377 a
775 1313 915 1393 Solane,
936 1326 972 1379 ut
994 1313 1141 1393 videtur,
1166 1317 1201 1380 in
1222 1339 1311 1382 erro-

312 1451 379 1492 rem
400 1428 563 1495 inductus.

356 1549 499 1633 Apparet
528 1569 564 1612 ex
600 1545 802 1611 Alexandro
831 1571 856 1614 s.
887 1545 1153 1630 pseudomeni,
1188 1572 1218 1616 c.
1254 1555 1308 1616 56.

311 1664 489 1730 Lucianum
506 1685 582 1728 curu
601 1675 693 1750 patre
711 1664 774 1728 iter
783 1664 896 1729 fecisse
907 1675 940 1728 et
953 1665 1088 1731 florente
1097 1675 1200 1731 aetate
1212 1666 1312 1732 fuisse

274 1793 382 1892 appost
407 1782 566 1864 Rutiliani
594 1781 763 1875 cujusdam
783 1782 912 1878 nuptias
941 1803 1017 1847 cum
1045 1782 1111 1848 filia
1137 1782 1311 1848 Alexandri

312 1898 578 1980 Abonotichitae,
609 1921 640 1967 c.
668 1903 727 1981 54,
752 1905 812 1966 55:
837 1901 952 1967 obiisse
972 1909 1080 1967 autem
1105 1900 1194 1965 hunc
1216 1902 1312 2008 Ruj-
1433 1915 1436 1924 ’

252 1994 436 2094 ²:ilianum
464 2019 590 2085 decimo
616 2041 700 2084 anno
732 2030 803 2105 post
827 1997 974 2104 rupilius,
1009 2039 1039 2085 c.
1070 2021 1135 2098 34,
1156 2023 1211 2084 35.
1247 2018 1310 2084 Sed
1429 2015 1433 2025 ’

315 2138 406 2202 nullo
422 2136 499 2222 jure
521 2136 687 2216 Struvius,
708 2135 937 2201 secutusun-eo
948 2136 1058 2200 Solani
1071 2111 1311 2202 &notationem

314 2255 355 2318 ad
375 2255 465 2318 Alex.
488 2275 517 2318 c.
535 2259 599 2327 30,
621 2253 774 2332 affirmat,
792 2253 994 2318 Rutilianum
1009 2251 1124 2316 obiisse
1139 2266 1211 2337 post
1225 2275 1312 2319 mor·

228 2361 279 2455 ,tit
313 2385 377 2438 tem
409 2375 450 2438 u.
484 2372 626 2451 suferri,
646 2374 668 2438 r.
690 2395 718 2439 ο.
741 2383 813 2457 post
832 2394 862 2440 a.
883 2372 1036 2454 cxxxx,
1054 2392 1141 2456 spec.
1165 2373 1199 2452 1,
1221 2378 1310 2459 p.3;

315 2504 346 2557 et
369 2491 504 2557 Luciani
526 2492 587 2556 iter
606 2492 705 2557 refert
731 2492 771 2558 ad
793 2514 821 2556 a.
845 2462 1020 2559 chY's'T
1033 2491 1188 2559 CLXXV:
1216 2493 1311 2576 Speo.

312 2611 347 2690 1,
367 2632 400 2696 p.
424 2614 463 2690 33
486 2612 581 2697 Spec.
603 2612 653 2688 11,
677 2630 711 2694 p.
735 2613 774 2691 43
800 2631 940 2696 eumque
963 2632 1000 2675 eo
1020 2620 1166 2695 tempore
1183 2609 1313 2673 circiter

241 2723 266 2814 ᾖ
313 2751 413 2793 annos
434 2728 650 2817 quadraginta
673 2740 785 2795 natum
806 2730 904 2794 fuisse
926 2727 1048 2794 statuit.
1082 2726 1129 2791 Ile
1149 2728 1308 2792 Rutiliani

313 2858 416 2912 morto
440 2847 545 2911 solum
566 2857 709 2926 constat,
737 2868 806 2911 eam
829 2844 984 2911 accidisse
1003 2855 1222 2929 postmortem
1237 2845 1313 2911 Ale·

313 2963 445 3043 xandri,
468 2963 533 3028 rid.
552 2964 643 3029 Alex.
665 2984 695 3030 c.
717 2969 781 3050 59,
800 2966 864 3041 60;
888 2937 1312 3029 huncffieffulliffi

248 3059 296 3225 tp)
313 3079 437 3144 Aurelii
466 3092 611 3165 tempora
641 3081 784 3169 attigisse
816 3105 881 3148 non
911 3082 1081 3168 probabile
1102 3092 1169 3160 est;
1194 3083 1312 3147 etenim

191 3207 248 3290 'f
314 3197 450 3263 decessit
475 3210 548 3264 ante
577 3222 698 3265 annum
718 3212 779 3267 act.
797 3201 900 3288 Lxx,
923 3223 953 3269 c.
978 3207 1039 3276 59;
1055 3200 1124 3286 jam
1147 3221 1224 3266 vero
1252 3201 1314 3264 sub

313 3319 476 3386 Antonino
495 3319 551 3385 Pio
573 3320 662 3385 tanti
681 3321 766 3386 rame
785 3322 940 3402 florebat,
967 3333 1004 3386 ut
1026 3321 1158 3408 publice
1189 3322 1313 3386 nummi

312 3435 509 3502 cuderentur
536 3438 571 3502 in
598 3437 752 3502 honorem
781 3437 850 3521 ejus
889 3438 1031 3524 oraculi,
1052 3438 1116 3505 vid.
1138 3437 1226 3503 laud.
1254 3457 1310 3522 ap.

313 3555 421 3622 Solan.
439 3556 479 3622 ad
501 3555 592 3623 Alex.
613 3579 642 3623 c.
665 3563 724 3638 58,
745 3555 977 3642 spanhemius,
1011 3557 1052 3623 de
1072 3557 1139 3621 Usu
1161 3568 1193 3621 et
1214 3557 1311 3622 Prae·

312 3686 406 3740 stant.
431 3674 586 3741 Numism.
605 3699 638 3761 p.
663 3678 845 3744 176-178.
878 3677 948 3741 Imo
971 3698 1046 3740 vero
1070 3673 1139 3757 jam
1160 3674 1311 3759 provecti

312 3807 416 3862 aetate
456 3797 538 3874 init,
573 3816 674 3883 quum
705 3795 774 3881 ejus
804 3796 974 3860 oraculum
1011 3795 1152 3878 primum
1190 3794 1314 3858 Romae

311 3914 544 3993 innotesceret,
559 3936 633 3979 nam
647 3925 715 3980 erat
731 3924 800 3978 tum
811 3913 995 3977 Rutilinnus
1006 3911 1074 3996 jam
1090 3933 1205 3990 senex,
1218 3910 1311 3974 Alex.

312 4052 340 4093 c.
363 4035 421 4112 303
442 4033 500 4120 qui
518 4045 645 4115 tamen,
673 4053 774 4120 quum
797 4042 828 4096 et
851 4031 921 4116 ipse
942 4053 1007 4095 non
1028 4029 1113 4097 ultra
1134 4040 1304 4114 septuage-

310 4151 424 4213 simum
457 4154 567 4218 aetatis
593 4173 712 4222 annum
744 4153 857 4218 vixerit
887 4174 916 4219 c.
942 4149 1006 4230 st,
1035 4145 1217 4214 Alexandro
1244 4143 1307 4208 suit
