3160 5018
778 451 817 514 77

345 645 599 710 Consentaneum
630 662 704 705 sane
735 641 797 706 fuit
823 642 955 706 Luciaui
976 641 1127 727 antiquar
1147 639 1298 706 lrrmrani-

303 763 373 824 tatis
403 757 522 837 amori,
556 759 580 822 si
612 759 786 822 admiratus
815 782 945 846 qaoque
975 771 1020 823 est
1051 759 1209 825 strictiore
1230 784 1299 826 earu

301 879 431 945 notione
466 877 586 942 dictam
628 877 828 961 Ἑλληνικὴν
867 879 1045 957 παιδείαν,
1075 876 1297 962 disciplinam,

303 1017 388 1084 quae
411 995 499 1082 apud
522 997 662 1062 Graecos
692 996 908 1062 instituendae
930 1007 960 1061 et
983 995 1168 1062 educandae
1183 995 1298 1080 juven-

302 1117 363 1181 tuti
386 1115 531 1183 adhibita
559 1116 635 1182 olim
663 1116 779 1182 fuerat.
816 1115 914 1201 Cujus
936 1115 982 1179 rei
1005 1115 1175 1202 egregium
1200 1113 1298 1179 daco·

306 1246 449 1299 mentum
470 1244 517 1299 est
536 1233 605 1318 ejus
631 1231 864 1299 Anacharsis.
890 1234 961 1298 Non
988 1233 1074 1297 enim
1098 1233 1160 1297 nisi
1183 1233 1300 1319 magnai

302 1353 442 1439 quadam
466 1352 619 1439 antiquae
643 1351 840 1418 educationis
854 1351 1065 1417 admiratione
1083 1351 1216 1416 allectus
1237 1363 1300 1415 tam

309 1471 513 1550 luculenter,
534 1491 631 1556 quam
652 1471 748 1548 fecit,
775 1469 814 1533 de
835 1492 871 1535 ea
890 1489 1048 1553 exponere
1068 1469 1183 1552 potuit.

349 1589 453 1652 Simul
476 1600 583 1652 tamen
602 1587 814 1675 intelligimus
829 1637 837 1664 ‚
850 1610 923 1652 eum
937 1589 1037 1651 multa
1052 1588 1200 1654 Solonem
1214 1591 1299 1656 Ana·

302 1705 443 1770 charsidi
472 1707 686 1792 explicantem
708 1706 888 1784 induxisse,
922 1706 1098 1794 dequibus
1118 1709 1175 1774 sud
1197 1721 1301 1775 aetate

303 1844 368 1885 non
390 1825 533 1905 potuerit
557 1825 623 1909 ipse
645 1823 780 1909 perinde
793 1825 922 1888 sentire.
940 1821 1207 1908 Consormandis
1223 1823 1301 1888 odo-

307 1944 503 2009 tacentium
535 1941 707 2006 aientibus
726 1941 856 2007 Homeri
886 1952 918 2005 et
948 1941 1078 2007 Hesiodi
1101 1953 1133 2006 ct
1151 1942 1301 2049 Tragico-

304 2084 376 2125 rum
399 2061 499 2150 (conl.
525 2059 683 2125 anachar.
707 2082 736 2124 c.
753 2061 814 2138 21,
840 2057 912 2148 22),
932 2061 1137 2146 quantumvis
1158 2062 1300 2145 ipsorum

302 2180 494 2258 admirator,
525 2202 589 2245 non
623 2179 730 2264 potuit
749 2178 897 2264 potticae
917 2179 1082 2268 religionis
1104 2188 1301 2259 contemtor,

305 2296 435 2362 idoneas
445 2317 576 2360 censere
586 2293 768 2360 sententias.
793 2295 840 2360 De
852 2298 1009 2382 corporis
1020 2297 1300 2362 exercitationum

306 2415 449 2481 consilio
483 2414 580 2478 Solon
605 2411 740 2503 (Anach.
762 2435 793 2479 c.
816 2415 879 2494 24,
903 2413 963 2479 sub
982 2411 1070 2501 fin.):
1103 2423 1213 2484 πάντα
1241 2421 1302 2502 γάρ

306 2538 433 2610 ταῦτα,
454 2525 479 2596 ὦ
501 2530 709 2617 Ἀνάχαρσι,
731 2531 782 2595 ἐπ’
809 2535 934 2598 ἐκεῖνον
959 2533 1016 2596 τὸν
1037 2530 1151 2611 α’γῶνα
1170 2535 1302 2619 ποριζό..

303 2658 391 2733 pedor
412 2649 470 2716 τὸν
492 2651 527 2713 ἐν
547 2653 616 2720 τοῖς
635 2645 761 2720 ὅπλοις.
785 2645 827 2709 At
842 2646 911 2728 jam
931 2645 1058 2731 pridem
1077 2657 1151 2712 ante
1168 2647 1300 2714 Luciani

301 2777 457 2844 aetatem,
507 2763 681 2832 constituto
722 2762 944 2828 Romanorum
977 2763 1129 2850 imperio,
1166 2764 1302 2832 desierat

302 2882 395 2950 illud
415 2884 452 2946 in
475 2882 592 2948 armis
622 2891 812 2961 certamen,
837 2882 969 2948 Graecis
997 2905 1065 2948 esso
1092 2882 1300 2969 propositum.

301 3003 434 3066 Poterat
459 3001 494 3064 in
520 2999 632 3083 jocoso
657 2999 836 3065 amicorum
866 2999 1029 3088 colloquio
1060 3000 1193 3066 luciani
1212 3002 1303 3068 soda-

309 3120 347 3182 lis
371 3119 543 3203 Samippus
562 3140 679 3184 norum
697 3129 729 3183 et
746 3119 884 3185 militare
894 3118 1068 3204 imperium
1094 3130 1125 3184 et
1152 3119 1301 3187 victorias

306 3239 337 3300 in
365 3237 475 3300 Persas
492 3234 650 3302 somniare
676 3237 799 3326 (Navig.
821 3259 844 3302 s.
863 3237 937 3304 Vot.
952 3257 980 3300 c.
998 3239 1058 3321 28,
1070 3234 1170 3323 sqq.),
1187 3260 1302 3323 nempe

306 3379 344 3420 eo
365 3354 479 3434 modo,
503 3374 568 3439 quo
590 3356 730 3442 magicos
751 3355 812 3421 sibi
833 3354 969 3421 annulos
988 3366 1019 3421 ct
1039 3357 1225 3422 facultatem
1247 3381 1302 3422 vo·

306 3473 395 3540 landi
417 3473 578 3538 Timolaus
612 3472 701 3562 (ibid.
730 3495 758 3538 c.
783 3471 839 3561 42)
869 3499 888 3540 a
919 3475 1078 3541 Mercurio
1112 3477 1301 3561 exoptabat;

305 3594 481 3658 Lucianum
506 3601 612 3657 autem
632 3613 697 3657 non
728 3604 814 3673 crat,
840 3593 925 3678 quod
948 3594 1091 3682 ingenuo
1108 3593 1186 3679 joco
1208 3595 1303 3661 fateri

306 3710 442 3796 puderet
461 3710 502 3776 ad
530 3708 650 3775 bellica
672 3709 804 3799 quidem
827 3713 955 3800 negotia
973 3735 1005 3777 se
1033 3735 1097 3778 non
1126 3732 1192 3776 esse
1210 3735 1305 3778 exer-

306 3828 460 3906 citatum,
481 3828 560 3912 quin
586 3827 650 3892 imo
671 3849 702 3889 se
722 3828 817 3892 abiis
837 3829 1022 3896 abhorrere.
1040 3829 1163 3917 (Navig.
1181 3852 1204 3896 s.
1226 3830 1298 3897 Vct.

306 3971 335 4012 c.
369 3951 429 4012 30:
463 3952 499 4012 orl
527 3947 560 4010 δὲ
593 3951 658 4012 τῶν
693 3949 877 4032 ἐρρωμένων
908 3955 1029 4013 τούτων
1063 3951 1138 4013 τινὰ
1165 3949 1301 4032 ποίησον

305 4068 479 4149 ἵππαρχον
504 4064 566 4142 ἐγὼ
598 4070 658 4148 γάρ
683 4087 732 4128 σοι
764 4066 876 4139 δεινῶς
897 4070 1046 4146 ἄφιππός
1067 4068 1129 4147 εἶμι
1151 4067 1204 4128 καὶ
1227 4067 1301 4132 οὐδὲ

308 4185 391 4258 ὅλως
414 4183 535 4269 ἐπέβην
556 4186 660 4248 i'nnov
681 4187 715 4248 ἓν
736 4191 780 4268 τῷ
803 4187 862 4267 πρὸ
885 4189 940 4246 τοῦ
962 4187 1065 4268 χρόνῳ
1077 4210 1086 4260 ;
1102 4181 1185 4246 cons.
1201 4205 1228 4247 e.
1243 4187 1307 4278 33²,
