3160 5018
772 453 813 517 78

286 655 339 717 37.
367 651 561 736 Longesane
580 643 724 710 diversus
740 645 774 710 in
794 667 832 710 eo
850 645 1008 711 Lueianus
1030 671 1049 713 a
1063 647 1185 733 juvene
1202 651 1276 730 illo,

286 767 326 830 de
346 788 410 854 quo
430 763 567 850 scriptor
587 761 778 843 Amorum,
799 784 828 828 c.
842 766 902 829 45:
925 766 1083 832 Θεσσαλοὶ
1103 773 1164 855 γὰρ
1183 773 1277 836 ἵπποι

282 884 436 969 μέλουσιν
468 885 558 969 αὐτῷ
577 885 680 951 --ἰν
720 886 828 969 alerien
858 869 977 969 pil-erpi
1011 889 1052 950 τὰ
1089 885 1277 975 πολεμικά.)

327 999 466 1066 Omnino
481 1020 634 1086 quasnam
649 1011 754 1084 partes
772 999 923 1088 antiquae
934 1000 1132 1067 educationis
1147 1007 1278 1070 mutatis

281 1117 478 1202 temporibus
501 1116 684 1202 probaverit
709 1139 851 1203 suaeque
876 1119 971 1183 aetati
996 1122 1170 1186 convenire
1186 1122 1280 1207 judi-

281 1235 418 1314 caverit,
447 1255 506 1298 nee
533 1234 682 1300 distincte
707 1234 799 1300 nobis
820 1235 1017 1323 designarit,
1039 1259 1145 1324 nequo
1158 1253 1204 1304 est
1218 1263 1278 1306 cur

280 1354 387 1418 animo
418 1351 451 1416 id
480 1352 584 1438 ipsum
613 1374 670 1417 suo
702 1351 800 1436 plane
825 1352 884 1416 sibi
908 1354 1102 1439 explicatum
1128 1355 1278 1424 habuisse

279 1480 440 1555 putemus.
473 1467 535 1547 At,
570 1467 594 1530 si
628 1467 733 1531 minus
765 1467 932 1552 pristinam
969 1468 1039 1554 ejus
1077 1470 1212 1535 formam
1248 1487 1280 1538 et

280 1585 407 1673 singula
441 1583 609 1664 instituta,
644 1604 728 1669 quas
763 1584 798 1648 in
831 1582 1050 1651 Anacharside
1087 1586 1276 1674 descripsit,

279 1703 443 1791 propriam
464 1713 551 1768 certe
578 1714 724 1768 naturam
745 1724 783 1767 ac
807 1703 966 1789 principia
992 1706 1156 1791 amplexus
1181 1709 1280 1773 omni-

280 1848 322 1890 no
349 1823 494 1904 ridetur3
523 1825 680 1888 intellexit
711 1823 882 1903 nimirum,
910 1824 1180 1912 quemadmodum
1201 1829 1278 1908 1111,

278 1942 412 2029 politico
434 1941 564 2032 quidem
586 1941 741 2022 consilio,
770 1952 988 2007 verumtamen
1014 1952 1079 2009 tota
1099 1945 1134 2009 in
1155 1967 1192 2010 eo
1219 1967 1275 2031 po·

278 2062 338 2127 sita
366 2061 499 2139 suisset,
532 2071 570 2124 ut
603 2060 747 2139 nativas,
777 2069 846 2122 tum
878 2060 994 2139 animi,
1026 2071 1095 2126 tum
1133 2065 1277 2148 corporis

278 2176 1277 2269 facultatesinadolescentibus,promovendoeorrigendoque,

283 2297 343 2360 rite
365 2296 590 2360 conformaret.
618 2317 634 2356 «
645 2295 716 2359 Non
738 2295 812 2358 satis
834 2295 925 2359 nobis
948 2295 1094 2376 videtur,
1109 2323 1126 2361 r>
1158 2300 1278 2379 Solon,

278 2415 313 2479 iri
335 2411 458 2479 1111111.
484 2435 515 2479 1.
536 2414 596 2492 20,
624 2411 723 2493 dicit,
746 2435 762 2477 (1
774 2435 811 2477 11
826 2412 1063 2501 modoingenio
1079 2437 1274 2480 1111111111-

279 2555 442 2622 quemque
462 2531 510 2596 uti
533 2541 626 2596 natus
652 2543 715 2611 est,
741 2532 806 2595 sive
828 2531 1036 2620 quantumad
1053 2554 1190 2619 corpus,
1209 2536 1275 2600 sivo

278 2649 365 2734 quod
390 2650 431 2715 ad
456 2650 621 2729 animum3
647 2672 758 2714 verum
781 2649 1092 2735 institutionoapud
1120 2675 1172 2717 eos
1186 2653 1272 2717 indi·

281 2791 393 2856 gemps
415 2791 454 2835 ac
476 2768 670 2853 disciplina,
691 2791 709 2833 a
727 2770 844 2855 quibus
865 2790 940 2834 cum
964 2792 1021 2848 ea,
1043 2792 1126 2857 quae
1138 2771 1278 2835 feliciter

279 2898 353 2952 nata
370 2896 463 2965 sunt,
482 2886 615 2951 meliora
634 2886 737 2949 multo
751 2885 850 2963 fiant,
876 2895 944 2948 tum
971 2906 1054 2971 quae
1075 2885 1158 2950 male
1175 2909 1208 2951 se
1219 2885 1279 2950 ha·

278 3005 373 3081 bent,
401 3002 669 3065 transformentur
691 3002 727 3064 in
747 3002 875 3066 melius.
898 3002 1089 3086 Exemplum
1111 3002 1202 3068 nobis
1231 3016 1278 3068 est

279 3121 320 3184 ab
344 3118 515 3206 agricolis,
539 3119 596 3204 qui
618 3117 763 3203 plantas,
792 3118 947 3208 quamdiu
973 3118 1111 3228 humiles
1135 3132 1209 3186 sunt
1233 3144 1272 3188 11

279 3251 408 3302 tenerae
431 3246 546 3322 tegunt
571 3254 609 3299 ac
636 3237 783 3322 sepiunt3
808 3257 883 3300 cum
907 3259 982 3300 vero
1002 3235 1071 3320 jam
1099 3239 1274 3304 crassitiem

279 3355 423 3444 aliquam
452 3354 602 3418 surculus
633 3353 747 3435 habet,
774 3366 843 3419 tum
868 3365 899 3420 ct
924 3357 1084 3442 superflua
1110 3359 1277 3441 putatione

280 3481 442 3550 resecant,
469 3482 501 3535 et
529 3471 631 3535 ventis
660 3493 711 3537 eas
734 3471 922 3558 quatiendas
942 3471 1174 3560 agitandasque
1199 3473 1277 3539 dum

278 3588 490 3676 permittunt,
524 3587 699 3655 fertiliores
721 3589 875 3655 efficiunt.
885 3612 958 3653 ›>-—
973 3590 1150 3655 lucianum
1180 3612 1277 3675 porro

277 3729 347 3773 11111
380 3707 535 3793 antiquae
564 3706 753 3793 disciplinae
788 3716 932 3792 partem,
966 3727 1050 3794 quas
1081 3707 1116 3772 11
1142 3729 1277 3793 corpore

281 3822 521 3890 corroborando
561 3835 593 3888 11
633 3822 855 3908 componendo
888 3825 992 3908 posita
1031 3823 1110 3904 luit,
1148 3825 1274 3890 sublato

281 3945 375 4010 etiam
397 3944 504 4028 prisco
527 3943 659 4010 militari
684 3942 752 4028 ejus
772 3965 852 4023 usu,
876 3943 941 4007 suis
959 3943 1059 4029 ipsius
1077 3943 1274 4029 temporibus

276 4059 461 4147 probasse,
494 4062 593 4151 coligi
620 4072 724 4149 potest
753 4085 771 4126 1
810 4059 982 4140 laudibus,
1003 4081 1082 4148 quas
1107 4061 1270 4127 interdum

281 4179 470 4267 aequalibus
497 4179 682 4248 hominibus
707 4203 745 4247 eo
766 4181 895 4246 nomine
914 4180 1039 4246 tribuit.
1062 4180 1100 4245 In
1120 4179 1270 4246 charete-
