3160 5018
772 410 814 478 66

302 634 320 674 o
330 631 401 674 rum
420 607 508 698 quod
525 607 714 673 facillimam
737 618 770 672 et
787 607 947 675 declivem
967 611 1051 677 riam
1068 613 1244 702 elegistis.»
1261 637 1269 672 r

342 728 415 809 Quo
431 726 538 792 animo
558 724 718 790 lucianus
735 723 777 790 ab
797 726 873 790 artis
894 728 1028 792 aemulis
1043 751 1076 794 se
1095 731 1164 815 ipso
1186 752 1295 819 segre-

294 845 418 934 gaverit
438 866 476 909 ex
492 844 592 923 hisce,
608 843 642 908 ni
655 842 761 923 fallor,
776 856 928 929 apparet;
950 845 1073 911 meritis
1096 847 1161 912 suis
1177 848 1211 913 id
1229 850 1294 914 lor-

292 973 390 1029 tunae
420 960 575 1048 adcptus,
608 959 696 1048 quod
725 959 860 1026 honesto
886 962 951 1028 otio
975 963 1158 1045 sufficeret,
1189 967 1295 1032 noluit

293 1081 432 1166 amplius
457 1079 611 1170 progredi
631 1079 666 1143 iu
685 1077 812 1158 studio,
833 1078 922 1165 quod
936 1091 1001 1146 tam
1022 1081 1151 1148 facilem
1172 1083 1294 1149 aditum

293 1198 434 1266 babebat
458 1195 661 1269 hominibus.
691 1196 749 1282 qui
775 1196 942 1262 literarum
972 1198 1122 1281 laudem,
1146 1203 1294 1290 neglecti

291 1316 458 1382 doctrinae
490 1314 650 1401 elegantia
683 1313 895 1396 affectabaut3
921 1337 983 1381 noc
1012 1317 1168 1385 imitando
1193 1322 1293 1385 malas

294 1455 405 1500 eorum
433 1443 516 1496 artes
543 1453 705 1509 moresve,
729 1428 919 1517 aequalibus
944 1433 1040 1498 armis
1063 1454 1137 1499 eum
1159 1436 1225 1500 istis
1252 1436 1293 1502 de

295 1550 391 1617 laudo
414 1550 475 1614 sibi
496 1547 686 1614 certandum
705 1549 841 1634 putarit.

336 1671 446 1752 Quum
473 1689 547 1732 vero
569 1666 732 1732 rideamus
751 1687 850 1753 quam
875 1667 1005 1753 copiose
1028 1681 1060 1734 et
1087 1669 1293 1738 vehementer

292 1812 345 1855 eos
365 1801 451 1868 tum,
475 1808 577 1873 quum
598 1787 640 1852 ab
667 1786 707 1850 iis
729 1785 819 1870 abit,
839 1785 956 1851 illudat
974 1787 1070 1851 simul
1089 1801 1121 1853 et
1138 1789 1291 1870 irrideat,

291 1907 429 1974 dubium
451 1928 518 1971 esse
545 1928 610 1971 nou
625 1915 748 1990 potest,
771 1902 853 1989 quin
869 1903 937 1988 ipsa
950 1904 1132 1993 indignatio
1146 1955 1155 1986 ,
1168 1907 1292 1993 quaju·

292 2027 380 2092 renis
397 2024 572 2088 immeritos
587 2023 719 2087 illorum
735 2041 900 2085 successus
912 2021 1178 2109 tulerit‚mirifice
1193 2026 1293 2089 luerit

291 2143 401 2208 efficax
421 2141 461 2206 ad
483 2139 684 2206 excitandam
702 2150 735 2203 et
756 2136 1007 2203 confirmandam
1027 2142 1190 2226 propriam
1202 2142 1292 2206 illam

292 2259 417 2347 ingenii
439 2254 644 2335 facultatem,
670 2275 735 2342 qua
761 2253 887 2318 maturi
910 2266 1016 2320 aetate
1037 2257 1214 2344 aliquando
1240 2281 1292 2324 re-

292 2375 469 2464 prehensor
491 2373 540 2438 sui
559 2372 680 2438 saeculi
696 2370 826 2440 exstitit.

335 2495 448 2582 Neque
469 2505 575 2558 tamen
592 2491 757 2557 rhetorum
774 2492 965 2576 perversitas
980 2494 1078 2561 unica
1089 2496 1289 2577 caussafuit,

293 2636 353 2680 cur
380 2614 540 2678 Lucienus
571 2613 606 2676 iu
641 2610 812 2697 sophistica
842 2612 1038 2697 professione
1063 2635 1291 2682 consenescere

292 2735 445 2800 nolucrit.
469 2734 641 2818 Postquam
662 2730 697 2794 iu
711 2728 780 2794 Bis
792 2727 961 2796 Aomsrato
979 2744 1168 2816 exposuerat
1187 2754 1290 2818 quan-

293 2863 361 2916 tum
388 2850 543 2915 adulteris
574 2849 639 2913 suis
668 2845 829 2912 rhetorica
864 2847 1048 2927 tribuisset,
1080 2870 1152 2913 mox
1173 2848 1289 2915 'additz

296 2969 545 3053 «Quamquam,
565 2966 591 3029 si
605 2965 657 3029 vel
671 2961 754 3029 nibil
775 2963 932 3047 ejusmodi
951 2964 993 3029 ab
1007 2965 1044 3030 ed
1064 2976 1172 3031 aetum
1188 2979 1289 3046 esset,

295 3084 568 3149 «concedendum
588 3093 696 3147 tamen
713 3078 794 3147 mibi
816 3093 904 3163 erat,
930 3082 1053 3149 bomini
1074 3084 1290 3174 quadraginta

296 3204 390 3268 <tiore
414 3224 514 3268 annos
534 3213 634 3293 nato,¹
654 3223 673 3264 a
695 3202 887 3267 tumultibus
909 3202 973 3267 illis
997 3213 1028 3268 et
1049 3201 1161 3270 litibus
1181 3205 1290 3270 disce·

295 3322 402 3388 «dere
430 3333 462 3387 et
486 3321 654 3409 quiescere
675 3321 743 3407 pati
762 3319 910 3405 judices3
942 3323 1148 3410 evitatisque
1169 3335 1289 3410 tyron-

295 3463 313 3505 «
322 3459 446 3505 uorum
461 3437 737 3505 accusationibus
745 3448 776 3504 et
789 3438 948 3505 laudibus
961 3443 1117 3506 virorum
1122 3439 1286 3528 fortium,

294 3581 312 3622 «
323 3558 358 3623 in
375 3557 580 3622 Academiam
599 3569 656 3623 aut
673 3558 813 3646 Lyceum
834 3558 978 3648 ingredi;
993 3560 1105 3646 ibique
1118 3580 1192 3624 oum
1205 3562 1288 3646 opti-

294 3699 311 3740 «
324 3697 377 3743 mo
406 3675 467 3741 hoe
490 3675 624 3764 Dialogo
649 3677 849 3743 inambulare
867 3675 994 3764 placide
1013 3678 1228 3764 disputantem
1240 3682 1286 3748 ¹.»

291 3796 331 3859 Et
370 3796 471 3881 ipsam
501 3795 656 3862 nimirum
688 3794 879 3880 sophisticae
914 3796 1104 3883 disciplinae
1140 3811 1287 3865 naturam

327 4075 337 4110 ¹
356 4071 425 4124 lthet.
439 4076 518 4126 Proteo.
532 4090 553 4125 o.
569 4073 614 4134 263
633 4077 697 4127 conl.
711 4092 763 4126 oum
777 4077 815 4127 bis
827 4093 889 4140 supr.
904 4078 968 4129 land.
984 4080 1029 4130 loo.
1044 4079 1129 4130 Pisoat.
1142 4095 1163 4127 o.
1178 4075 1219 4126 29.

326 4169 337 4201 ²
357 4171 395 4219 lli·
414 4172 495 4220 docus.
510 4191 530 4222 c.
546 4171 586 4223 32.
