3160 5018
759 431 797 494 51

281 623 469 708 scriptorem
486 625 635 690 videntur
653 622 788 707 prodere
806 624 840 689 in
862 625 1021 708 peculiari
1038 625 1179 711 quodam
1199 629 1278 692 scri·

278 741 376 806 bendi
400 765 518 829 genere
536 741 679 817 nondum
701 741 797 826 plane
818 741 1061 823 confirmatum,
1083 767 1147 810 non
1168 769 1278 832 possu-

282 881 352 924 mus
374 883 439 924 non
461 861 558 925 simul
582 859 759 925 secundum
791 860 874 924 illud
901 861 1033 926 Luciani
1062 883 1100 926 ac
1133 865 1279 930 versatile

281 979 448 1066 ingenium
461 999 646 1067 agnoscere,
655 977 743 1066 quod
757 979 987 1062 paratissimam
1001 979 1159 1044 variarum
1172 1003 1279 1045 rerum

282 1095 408 1180 copiam
437 1095 574 1160 maximo
606 1094 789 1183 quibusque
821 1094 1009 1180 opportunis
1041 1097 1281 1180 compositionis

283 1235 408 1298 semper
430 1215 540 1277 formis
559 1211 676 1277 induit.
701 1213 782 1276 Tum
795 1212 830 1276 in
849 1211 926 1296 ipsis
944 1213 1163 1297 exemplorum
1184 1215 1280 1278 lumi-

282 1330 396 1408 nibus,
418 1331 453 1394 in
473 1329 745 1413 descriptionibus
768 1351 876 1394 rerum
893 1329 1037 1394 sensibus
1058 1329 1278 1415 objectarum,

279 1446 485 1513 lucidissimis
498 1446 656 1525 historiis,
672 1446 790 1510 tabulis
802 1458 835 1511 et
849 1446 1026 1512 identidem
1045 1447 1281 1532 jucundissime

277 1565 421 1632 adhibiti
453 1565 615 1650 dialogicd
646 1565 749 1628 formal
769 1562 792 1642 ¹,
821 1586 906 1652 quae
938 1567 965 1629 si
995 1567 1075 1654 quid
1101 1567 1191 1636 aliud
1213 1568 1280 1653 jam

280 1685 448 1771 proprium
471 1682 645 1772 quemdam
666 1692 698 1745 et
723 1681 920 1767 singularem
946 1683 985 1746 iis
1006 1684 1144 1749 nitorem
1172 1689 1282 1752 eonci-

280 1803 378 1881 liant,
414 1800 580 1888 praesagia
609 1821 675 1863 esse
701 1798 859 1878 videntur,
886 1799 991 1887 qualis
1012 1803 1150 1886 scriptor
1172 1817 1283 1889 postea

282 1923 409 1984 futurus
434 1919 492 1997 sit,
520 1939 621 2008 quum
640 1916 831 2001 aequalibus
852 1940 885 1981 se
905 1919 973 2003 ipse
998 1933 1194 2005 opponeret3
1217 1945 1281 1986 non

283 2037 368 2100 enirn
397 2035 652 2120 argumentando
678 2046 747 2098 tum
770 2036 974 2119 potissimum
994 2050 1051 2102 aut
1072 2037 1283 2104 declamando

284 2177 351 2220 rem
373 2178 462 2222 suam
483 2157 571 2243 egit,
594 2154 650 2219 sed
673 2154 826 2240 exemplo
846 2155 999 2220 stultitiae
1012 2177 1061 2256 acx
1068 2157 1233 2241 pravitatis
1244 2159 1284 2220 iis

284 2287 358 2340 ante
378 2274 488 2339 oculos
504 2273 630 2358 posuit,
646 2284 677 2335 et
696 2284 760 2336 tam
774 2273 875 2356 ipsos,
898 2295 996 2362 quam
1017 2274 1184 2359 opiniones
1198 2275 1284 2360 ipso·

286 2414 355 2456 rum
368 2404 400 2456 ot
421 2401 602 2457 commenta
617 2389 775 2478 dialogis
794 2391 858 2454 suis
878 2392 913 2455 in
931 2413 1060 2456 scenam
1078 2392 1243 2477 produxit.

328 2509 451 2590 Quodsi
471 2509 615 2572 nondum
633 2511 667 2572 in
684 2509 749 2574 illis
770 2509 866 2593 plane
888 2532 960 2574 suas
983 2520 1089 2594 partes
1108 2511 1281 2589 sustineat,

283 2626 309 2686 si
330 2623 467 2690 rhetoris
486 2625 565 2690 adeo
588 2623 751 2690 interdum
767 2625 868 2712 magis
885 2647 982 2713 quam
998 2648 1087 2690 suam
1108 2626 1280 2712 pietatem,

283 2744 490 2832 gravitatem,
512 2743 640 2808 civilem
661 2741 813 2806 virtutem
833 2753 989 2822 ostentet,
1011 2745 1051 2809 ab
1071 2743 1171 2810 altera
1190 2756 1283 2830 parta

282 2864 424 2928 nondum
451 2863 486 2926 in
515 2863 553 2926 iis
577 2862 686 2946 prodit
708 2884 778 2926 eam
802 2861 1008 2946 popularium
1033 2861 1228 2950 religionum
1250 2873 1283 2928 et

282 2979 553 3065 philosopherum
574 2980 795 3046 doctrinarum
808 2979 1010 3060 irrisionem,
1030 2981 1079 3046 vel
1100 2980 1282 3067 despieien-

282 3101 359 3166 tiam
383 3120 453 3163 eam
476 3096 690 3164 humanarum
712 3119 834 3177 rerum,
854 3099 987 3186 quaein
1003 3100 1283 3184 praestantissimis

282 3216 466 3302 posterioris
482 3217 593 3282 aetatis
611 3217 740 3300 scriptis
758 3214 975 3282 dominantur.
999 3220 1211 3304 Agnoscimus
1233 3241 1282 3283 se-

316 3492 483 3542 ¹Ilistorioe
502 3502 525 3540 et
536 3493 653 3552 subulae
671 3493 798 3541 inmultis:
818 3495 842 3542 in
856 3493 933 3556 Scyth.
950 3512 972 3542 s.
994 3494 1065 3556 llosp.
1085 3513 1105 3543 c.
1122 3497 1146 3546 1.
1170 3499 1201 3548 οὐ
1221 3508 1283 3566 χρῖ-

280 3592 326 3642 pov
341 3575 401 3633 ἴσως
414 3576 616 3642 διηγήσασθαι,
635 3578 688 3626 inde
705 3595 726 3626 c.
736 3575 765 3640 2,
780 3593 831 3641 sqq.
846 3596 867 3626 c.
880 3578 911 3640 9,
926 3577 1067 3640 βούλεσθε
1080 3564 1127 3630 oda
1143 3581 1202 3650 ἤδη
1213 3585 1284 3634 ἐπα-

279 3658 351 3722 γάγω
365 3659 402 3726 τῷ
416 3660 498 3724 μύθῳ
514 3659 546 3708 τὸ
559 3657 653 3717 τέλος
669 3660 779 3708 lIarmon.
802 3678 823 3708 o.
839 3661 869 3717 1;
882 3661 965 3709 Herod.
980 3680 1002 3710 o.
1017 3661 1048 3724 l,
1064 3666 1090 3720 113
1111 3666 1197 3714 Electr.
1210 3683 1231 3715 c.
1248 3665 1283 3730 2,

278 3742 303 3788 5.
322 3742 355 3789 lle
369 3759 416 3789 non
428 3752 512 3790 temere
526 3744 585 3790 cred.
601 3745 696 3806 Galum,
708 3763 729 3793 c.
741 3743 816 3800 2-t;
835 3761 876 3806 pro
889 3745 965 3807 Imag.
982 3763 1002 3796 c.
1019 3749 1049 3807 4,
1063 3746 1094 3808 5,
1107 3746 1140 3810 9,
1156 3747 1199 3800 ll:
1218 3759 1283 3797 totus

276 3826 335 3874 dial.
348 3826 431 3873 Toxar.
441 3827 643 3890 Descriptiones
653 3843 757 3891 operum
764 3830 843 3891 ortis,
852 3843 890 3883 ex.
899 3847 920 3879 c.
929 3830 1012 3878 llerod.
1021 3848 1041 3878 e.
1050 3829 1076 3886 5;
1086 3832 1159 3884 Zeux.
1169 3849 1190 3879 c.
1199 3833 1266 3883 l-li
1275 3852 1282 3893 ;

278 3912 356 3974 Scyth.
370 3929 392 3958 c.
406 3909 438 3966 2,
458 3913 497 3974 (dc
521 3914 609 3974 Domo,
621 3931 641 3962 c.
661 3911 779 3978 22-313
802 3914 942 3978 Hippias‚c.
958 3910 1039 3970 4-8;
1056 3915 1083 3961 de
1096 3915 1132 3962 bis
1145 3924 1221 3966 nmen
1235 3918 1282 3966 vid.

278 3999 354 4061 sript.)
363 3995 476 4057 Imagines
484 4030 492 4057 ,
500 4013 521 4045 c.
538 3998 615 4047 4-7.
633 3999 666 4048 Ile
679 4016 726 4054 nou
739 4010 793 4049 tem.
809 4002 870 4052 cred.
886 4001 935 4048 Gal.
945 4017 965 4047 c.
974 3999 1003 4052 53
1014 3999 1097 4048 Toxar.
1110 4018 1129 4050 s.
1138 4002 1216 4052 Amic.
1228 4005 1283 4054 ee.

280 4080 395 4144 Dialogi
414 4087 489 4126 autem
509 4090 598 4139 promer
617 4079 690 4144 imag.
712 4085 758 4131 Pro
781 4085 853 4146 [mag.
875 4085 959 4131 Toxar.
979 4083 1068 4134 Anueb.
1094 4086 1140 4132 sid.
1163 4103 1200 4134 ex.
1217 4104 1238 4136 c.
1258 4091 1283 4135 iu

282 4165 391 4212 liemon.
405 4181 426 4211 c.
444 4162 473 4225 l,
493 4161 523 4226 25
543 4164 642 4227 Scytha,
658 4183 678 4213 c.
696 4167 781 4230 4—83
799 4169 883 4214 Electr.
900 4186 920 4219 c.
937 4165 1008 4213 3—5.
