3160 5018
785 431 826 495 st

304 621 363 686 sibi
384 645 527 689 caussam
551 626 648 688 luisse
667 625 822 699 affirmat,
841 648 899 690 eur
921 627 1045 691 deserta
1061 626 1117 691 itte
1137 626 1176 691 ad
1196 627 1302 693 Dialo-

307 765 384 830 gum
408 766 441 808 se
465 745 646 828 recepisset.

348 861 488 948 Longius
502 863 635 949 quidem
652 864 815 929 aberraret
830 866 930 930 oratio
948 864 988 930 ab
1007 886 1063 944 eo,
1084 864 1170 950 quod
1185 886 1302 950 propo-

304 977 399 1044 situm
420 993 487 1068 est,
510 982 536 1045 si
555 981 765 1067 comprobare
787 981 1046 1061 institueremus,
1066 1005 1163 1070 quam
1185 982 1302 1068 plenis-

305 1101 382 1163 simo
407 1119 463 1162 suo
478 1097 554 1182 jure
574 1098 658 1164 hanc
676 1101 753 1164 artis
771 1123 846 1165 suae
864 1100 1016 1164 rivalibus
1031 1100 1190 1164 Lucienus
1210 1101 1302 1163 incu-

304 1217 458 1282 sationem
493 1218 687 1297 intenderit‚
717 1230 953 1297 verumtamen,
983 1218 1024 1283 ad
1053 1219 1303 1306 intelligendum

303 1336 381 1421 quid
409 1337 546 1400 maxime
573 1336 610 1400 eh
629 1337 788 1416 volucrit,
807 1359 872 1402 non
892 1335 1108 1420 injucundum
1128 1338 1168 1400 sit
1197 1337 1303 1421 ipsum

303 1451 501 1516 festivissima
521 1452 696 1517 acerbitate
722 1455 912 1518 seutentiam
938 1475 1027 1517 suam
1051 1452 1091 1517 de
1113 1453 1302 1539 aequalibus

306 1565 486 1630 rhetoribus
512 1569 725 1653 explicantem
750 1569 881 1646 audire,
913 1571 947 1633 in
970 1567 1161 1634 Rhetorum
1187 1568 1298 1633 Proe-

302 1693 442 1772 ceptore.
465 1685 679 1772 Agnoscimus
697 1687 874 1752 lucianum
892 1689 925 1750 in
945 1710 982 1752 eo
1007 1687 1118 1752 libello
1139 1687 1301 1752 interdurn

300 1805 438 1869 illudere
460 1805 679 1888 peculiaribus
700 1805 795 1870 rebus
821 1806 901 1870 certi
921 1789 1063 1890 alicujus
1090 1803 1247 1891 sophistae
1270 1802 1297 1883 ¹,

300 1944 397 2011 quem
431 1923 606 1987 lectoribus
643 1923 743 2006 ipsius
778 1925 888 1988 aetatis
919 1924 1003 1988 inter
1034 1924 1112 1988 alios
1153 1924 1301 1989 distincte

299 2042 522 2127 descripserim
543 2051 641 2127 atque
659 2050 723 2106 tam
743 2041 914 2107 immanem
933 2065 1059 2107 morum
1079 2043 1300 2129 impuritatem

299 2152 452 2242 inhujus
475 2159 620 2243 exemplo
646 2157 766 2223 rhetori
788 2161 1001 2224 necessariam
1023 2183 1090 2224 esse
1114 2161 1298 2246 praedicat,

300 2285 337 2338 ut
356 2275 418 2337 uisi
440 2272 607 2357 cujusdam
628 2277 742 2353 unius,
774 2287 862 2340 certe
887 2277 1054 2364 vulgarem
1086 2277 1300 2362 sophistarum

299 2392 463 2476 pravitatis
485 2391 614 2454 modum
632 2389 713 2456 haec
735 2392 867 2481 quidem
890 2395 1017 2482 longius
1032 2396 1201 2460 excessisse
1224 2418 1299 2461 cen-

300 2509 398 2576 senda
424 2511 474 2574 sit.
506 2510 609 2574 Simul
628 2533 703 2576 vero
733 2513 812 2576 alios
837 2513 947 2598 plures
977 2513 1063 2577 illius
1087 2514 1204 2578 similes
1230 2536 1297 2579 esse

299 2631 478 2718 significat²
498 2641 529 2694 et
544 2643 654 2715 aperte
667 2632 701 2695 in
718 2631 811 2695 illum
823 2633 914 2720 quasi
932 2633 966 2697 in
984 2632 1164 2717 perlectum
1185 2652 1297 2720 quern-

298 2750 372 2815 dam
393 2755 496 2816 runco
515 2771 553 2813 ea
575 2752 676 2814 ferme
696 2752 821 2815 confert
843 2763 875 2816 et
897 2752 1057 2830 cumulat,
1075 2773 1158 2837 quae
1179 2752 1297 2837 passim

298 2869 512 2954 pessimorum
530 2869 606 2930 artis
629 2890 705 2932 suae
724 2868 885 2933 sociorum
900 2870 975 2934 vitia
994 2891 1060 2933 esse
1080 2870 1296 2954 comperisset.

296 2985 432 3071 Scripsit
452 2996 560 3049 autem
576 2983 723 3050 libellum
739 3008 773 3050 ea
792 2987 860 3070 ipsa
877 2995 998 3061 aetate,
1020 3008 1084 3072 qua
1104 2998 1206 3052 artem
1224 2987 1297 3052 rhe-

298 3181 552 3193 ων...-
564 3182 590 3189 ..-

332 3315 342 3342 ²
361 3305 523 3373 Διόσκουροι*
542 3307 581 3362 vel
601 3306 796 3376 Διοσκουρίδην
826 3307 900 3371 (conl.
920 3308 967 3359 llh.
990 3309 1028 3356 Pr.
1051 3325 1072 3354 c.
1092 3305 1136 3372 24)
1157 3309 1297 3370 appellatum

299 3393 371 3440 luisse
385 3391 449 3438 huuc
463 3391 589 3451 sophistam
602 3391 730 3439 Palmarius
741 3400 764 3438 et
778 3391 962 3440 llemsterhusius
975 3399 1131 3445 censueram
1147 3391 1194 3438 rid.
1210 3391 1297 3439 llemst.

301 3477 377 3524 Praef.
392 3475 421 3522 ad
434 3473 567 3536 Pollucem,
583 3490 606 3536 pt
620 3474 662 3537 31,
676 3473 717 3524 32.
735 3475 853 3538 Singulari
866 3485 957 3536 autem,
979 3493 1047 3538 quam
1062 3491 1124 3535 supr.
1135 3474 1296 3532 laudavimus,

299 3559 499 3620 commentatione,
514 3558 601 3608 Pollux
611 3569 634 3606 et
648 3560 704 3608 Luc.
720 3560 844 3621 inscript,
854 3561 905 3610 Car.
913 3559 981 3609 Ferd.
996 3559 1102 3607 Ranlrius
1111 3558 1184 3605 tuitus
1196 3567 1231 3605 est
1244 3575 1298 3606 scn-

297 3645 392 3692 tentiam
413 3643 555 3692 Scholiastae
576 3646 695 3705 probatam
717 3645 757 3704 (ad
777 3645 841 3692 titul.
862 3653 885 3691 ct
902 3661 923 3691 c.
942 3640 998 3708 2t):
1024 3642 1144 3690 Pollucem
1162 3643 1298 3691 onomaatici

299 3731 431 3792 scriptorem
444 3727 469 3774 in
490 3727 535 3775 llh.
552 3728 591 3777 Pr.
607 3730 699 3786 notari3
716 3729 740 3776 in
755 3746 822 3790 quam
839 3747 944 3777 caussam
958 3738 1048 3777 tantum
1064 3729 1093 3776 ab
1107 3737 1200 3776 auctore
1213 3729 1298 3778 doctri-

295 3831 338 3860 nae
359 3824 382 3862 ct
398 3812 529 3874 disputandi
543 3813 650 3861 solertiae
670 3813 825 3873 depromptum
844 3823 892 3874 est,
907 3821 933 3860 ut
948 3813 1037 3859 etiamsi
1053 3813 1155 3860 nondum
1175 3814 1245 3874 plana
1259 3814 1298 3861 (le-

295 3901 431 3959 sperandum
450 3897 480 3945 sit
497 3897 525 3945 do
545 3898 655 3946 infamiae
675 3899 719 3945 ista
739 3907 794 3944 nota
814 3917 827 3944 a
843 3898 940 3946 Polluce
955 3897 1106 3951 removenda,
1122 3906 1198 3944 tamen
1213 3898 1296 3944 merito

294 3985 426 4046 vapularet,
442 3982 482 4047 qui
497 3983 548 4046 ejus
564 3999 668 4030 caussam
684 3981 712 4030 ἓν
725 3981 864 4050 παρέργῳ,
877 3984 1009 4046 susciperet.

330 4093 430 4142 ²llhet.
454 4096 531 4144 Praeo.
555 4113 575 4144 e.
601 4094 639 4144 tl.
662 4092 784 4160 εὑρήσεις
805 4091 921 4149 πολλοὺς
939 4090 987 4154 μὲν
1002 4093 1048 4142 καὶ
1067 4091 1170 4150 ἄλλους.
1188 4111 1209 4141 κ.
1226 4109 1251 4141 τ.
1269 4090 1291 4140 λ.

292 4179 353 4226 conl.
371 4193 391 4225 c.
411 4176 434 4227 8.
