3160 5018
766 390 804 452 47

325 583 472 667 Denique
487 581 597 659 miror,
618 601 682 643 non
702 580 873 646 offendisse
890 580 972 644 viros
986 580 1040 646 dd.
1056 603 1154 669 quam
1176 585 1285 652 incon·

283 681 387 764 cinno⁴
420 696 576 776 Archias,
609 718 709 783 quum
741 695 937 762 ostendenda
967 698 1052 785 regis
1087 697 1287 768 humanitate

277 820 385 882 rivum
405 814 653 882 Demosthenem
670 840 687 881 e
709 817 829 901 templo
851 815 1014 882 deducere
1029 827 1176 898 conetur,
1192 831 1285 884 nota-

280 936 344 1000 rios
376 946 481 998 tamen
514 933 623 999 adesse
652 946 760 1013 curet,
797 934 853 1022 qui
889 932 957 1017 ejus
987 933 1075 1000 dicta
1113 934 1285 1020 Antipatro

279 1063 405 1118 servent
421 1069 431 1105 1
449 1077 457 1134 ;
475 1053 565 1138 quasi
587 1053 682 1116 simul
702 1052 895 1132 divinasset,
922 1064 990 1116 tum
1011 1054 1117 1137 ipsum
1130 1052 1170 1119 ad
1184 1054 1283 1120 liber-

279 1181 378 1236 tatem
397 1193 487 1237 suam
516 1169 668 1236 tuendam
692 1172 853 1234 munitum
878 1193 944 1234 esse
967 1192 1115 1250 veneno,
1139 1170 1172 1237 id
1195 1175 1284 1259 quod

278 1300 351 1374 post
372 1287 441 1371 ejus
462 1300 599 1354 mortem
628 1287 757 1352 demum
786 1311 823 1352 ex
847 1288 968 1354 aneilla
988 1291 1140 1376 cognovit
1155 1293 1188 1367 ²,
1215 1301 1283 1354 tum

278 1406 444 1471 norissima
468 1405 535 1489 ejus
554 1405 667 1484 rerba,
691 1427 798 1470 coram
818 1417 882 1470 tam
900 1406 1041 1494 indignis
1060 1407 1283 1485 auditoribus,

276 1523 320 1587 ita
335 1523 370 1586 in
382 1522 534 1587 orationis
550 1534 727 1607 perpetuae
744 1522 875 1586 modum
889 1534 1027 1588 tractum
1044 1524 1100 1603 iri,
1113 1537 1150 1589 ut
1164 1526 1283 1611 scripto

277 1639 458 1706 mandanda
474 1640 597 1719 forent,
626 1639 714 1725 quod
727 1639 860 1724 quidem
876 1652 963 1705 certe
982 1653 1109 1725 praeter
1123 1644 1282 1708 recentio-

277 1778 345 1820 rem
364 1754 538 1841 sophistam
554 1779 648 1822 nemo
658 1757 829 1843 quisquam
840 1758 946 1842 potuit
956 1759 1156 1842 praevidere.
1172 1761 1285 1826 Istius-

278 1874 365 1939 modi
385 1875 576 1963 figmentum
596 1898 662 1939 non
678 1895 847 1960 possumus
863 1896 922 1960 pro
943 1876 1104 1942 Lucianeo
1123 1875 1253 1942 habere.

684 2030 703 2102 'l

322 2106 520 2196 Niqrinum
537 2121 671 2195 propter
689 2110 840 2194 temporis
858 2121 890 2174 et
903 2112 1085 2200 argumenti
1100 2109 1283 2178 similitudi:

278 2250 351 2293 nem
366 2230 400 2292 iu
412 2231 643 2314 posterioribus
661 2229 796 2312 Luciani
817 2229 944 2314 scriptis
965 2250 1181 2294 numeramus.
1202 2229 1282 2294 Cum

273 2347 447 2412 Wielaudo
461 2367 473 2404 s
487 2357 659 2431 putamus,
681 2347 861 2410 Luciauum
881 2368 955 2411 eum
976 2346 1160 2431 scripsisse,
1180 2366 1282 2436 Μαι

275 2580 454 2682 concedere
477 2579 506 2645 l.
531 2580 697 2646 Sententia
725 2591 790 2646 tota
815 2581 942 2644 satirica
972 2590 1036 2658 est;
1070 2580 1172 2644 forma
1207 2601 1281 2642 rero

276 2699 419 2763 nondum
452 2698 582 2784 propria
615 2699 679 2764 illa.
703 2698 843 2778 comica,
871 2697 981 2763 sedin
1004 2697 1133 2762 exordio
1161 2706 1191 2759 et
1217 2697 1282 2762 line

274 2819 464 2912 adornatam
481 2819 587 2912 babetn
599 2818 758 2907 Platonici
768 2817 1156 2905 .„lli³l„⁰gi..j¹llillQ·1
1166 2818 1282 2884 Trans·

310 3093 359 3140 ¹c.
382 3094 429 3150 44,
457 3090 503 3138 nul
531 3090 583 3159 γὰρ
612 3075 660 3140 οὖν
686 3090 861 3158 ὑπογραφέας
879 3089 1105 3159 παρεστησάμην,
1124 3087 1169 3140 ἵνα
1187 3105 1228 3142 uos
1246 3092 1282 3145 eol

275 3179 413 3246 λεχθέντα
427 3175 547 3240 adsone.
589 3213 594 3224 i

312 3279 325 3305 2
346 3293 367 3323 c.
378 3273 419 3322 49.
438 3271 536 3320 Archias
549 3281 634 3330 autem,
650 3273 718 3319 etiam
731 3283 850 3335 postquam
867 3275 900 3336 (c.
913 3274 955 3340 47)
969 3276 1073 3336 precibus
1086 3284 1109 3322 et
1120 3274 1189 3320 minis
1195 3275 1279 3321 frustra

277 3380 334 3411 usus
349 3370 383 3410 est
397 3362 427 3425 (c.
441 3357 500 3422 48),
513 3358 537 3403 vi
550 3374 601 3405 euru
616 3360 705 3404 vivum
720 3359 840 3407 detrahere
854 3378 867 3408 e
880 3361 966 3420 templo
979 3360 1063 3422 cogitat
1075 3359 1147 3424 (quod
1156 3357 1275 3405 Demosth.

274 3449 343 3496 verba
354 3443 488 3508 testantur).
506 3442 583 3504 Neque
604 3452 681 3490 tamen
697 3443 822 3491 existimari
834 3452 923 3506 potest,
937 3444 988 3491 ideo
1006 3443 1093 3490 scribas
1108 3441 1238 3502 adposuisse
1255 3451 1281 3487 ut

273 3550 320 3579 uua
333 3549 383 3579 oum
404 3530 458 3576 vivo
476 3528 628 3576 Demosthene
649 3529 818 3576 contumeliosa
832 3531 883 3591 ejus
898 3530 923 3576 in
937 3529 1071 3576 Macedones
1084 3527 1153 3575 rerba
1169 3527 1198 3573 ad
1210 3525 1281 3572 Anti-

274 3625 363 3677 patrum
377 3617 490 3674 delerret‚
510 3613 593 3674 quippe
612 3630 639 3660 eo
653 3614 752 3661 consilio
767 3615 883 3675 prodendo
896 3614 968 3674 ipsam
983 3612 1063 3660 salutis
1076 3628 1153 3673 spem,
1168 3626 1213 3671 qua
1230 3611 1281 3670 pel-

274 3700 345 3748 licere
358 3716 410 3747 eum
424 3717 443 3746 a.
458 3699 503 3758 43,
515 3699 563 3758 44,
577 3698 623 3760 47,
635 3699 756 3758 studebat,
770 3700 905 3747 sublaturus
919 3701 1003 3746 luerat.

309 3797 322 3831 ³
343 3795 471 3854 Wieland‚
489 3794 529 3840 Th.
552 3795 578 3856 1,
600 3795 623 3844 S.
641 3793 686 3855 18,
705 3794 743 3842 cui
759 3796 882 3842 assentitur
900 3795 1005 3854 Schoell,
1019 3792 1103 3842 Gesclr.
1117 3792 1157 3838 der
1169 3790 1209 3836 Gr.
1223 3789 1278 3836 titt.

275 3882 317 3930 lld.
333 3879 377 3941 11,
398 3877 421 3922 S.
438 3875 498 3925 476.
522 3878 671 3924 Antheutiam
686 3877 742 3924 libri
751 3879 869 3926 addubitat
877 3877 993 3939 herleius,
1002 3877 1087 3924 Pollux
1098 3883 1121 3922 et
1136 3874 1222 3933 Lucp.
1235 3869 1277 3920 23.

309 3987 324 4024 4
341 3971 434 4033 nialogi
450 3986 516 4017 scena
529 3988 598 4034 prope
612 3974 708 4021 Romam
722 3982 771 4034 est,
785 3975 889 4022 Athenas
905 3983 980 4021 sutem
992 3974 1103 4035 cogitasse
1119 3971 1174 4018 buc.
1183 3969 1279 4033 colligas
1290 3955 1318 4146 H

274 4076 302 4105 ax
317 4054 362 4110 c.3
376 4065 399 4104 et
415 4053 446 4103 12
468 4070 517 4116 sqq.
538 4056 650 4117 Scriptum
672 4076 722 4104 esse
739 4058 851 4121 dialogum
868 4075 937 4120 quum
954 4059 1002 4120 jam
1017 4055 1164 4117 demigrasset
1177 4053 1234 4103 linc.
1250 4072 1278 4101 cx

275 4148 374 4206 praefixa
388 4142 488 4206 epistola
502 4153 604 4204 apparet.
