3160 5018
798 451 818 509 3

303 641 459 708 mundum
493 662 606 728 regere
633 640 743 705 voluit.
774 638 906 704 Scilicet
929 641 1046 704 artium
1072 639 1303 727 literarumque

302 760 450 844 exempla
483 759 525 822 ab
554 759 693 846 antiquis
723 755 861 844 peteuda
886 777 953 820 esse
982 755 1079 834 vidit,
1110 777 1169 821 nec
1196 767 1308 824 tamen,

304 889 463 944 mutatum
488 875 556 960 jam
589 898 697 941 rerum
725 877 836 942 orbem
858 876 891 938 in
920 871 1112 961 antiquitate
1133 875 1306 939 consistere

305 996 435 1062 debere.
461 996 501 1060 Et
518 995 586 1080 ipse
608 1007 798 1058 tamennon
820 993 999 1057 eruditione
1014 1003 1138 1056 tantum
1158 991 1306 1079 antiquos

306 1111 495 1198 complexus
514 1124 572 1192 est,
589 1111 644 1176 scd
660 1111 724 1176 fuit
754 1111 885 1198 ingenio
903 1131 1032 1198 quoque
1049 1119 1190 1174 vetustae
1205 1109 1308 1174 Grae-

306 1231 377 1295 ciae
390 1251 459 1314 par.
485 1229 583 1313 Cujus
604 1229 735 1318 quidem
757 1229 827 1293 laus
846 1229 871 1292 si
888 1239 919 1291 et
940 1225 1133 1291 inveniendo
1158 1237 1190 1290 et
1210 1227 1307 1312 perfi-

305 1346 421 1413 ciendo
440 1347 599 1413 censenda
616 1348 730 1412 merito
751 1359 818 1422 est,
843 1368 940 1424 ecoe,
959 1345 1135 1427 Lucienus,
1159 1356 1224 1412 tam
1239 1367 1307 1410 sera

306 1474 429 1543 aetate,
462 1475 551 1528 tanto
577 1485 686 1528 rerum
718 1474 750 1528 et
780 1485 856 1528 sero
883 1463 1088 1550 ingeniorum
1119 1463 1306 1540 intervallo,

310 1583 384 1647 nori
405 1581 468 1645 luit
486 1581 648 1646 scribendi
666 1584 791 1668 generis
815 1581 939 1668 auctor,
963 1591 1061 1674 atque
1077 1579 1233 1664 ejusmodi
1254 1603 1309 1668 gc-

310 1705 417 1779 neris,
443 1698 530 1787 quod
543 1699 585 1764 ad
597 1711 742 1763 veterum
764 1699 990 1784 praestantiam
1005 1679 1311 1770 aoee‘deretallomi·

310 1838 386 1882 oum
408 1817 494 1880 enirn
523 1816 695 1903 Dialogum
718 1817 882 1904 quisenta
901 1815 1079 1880 Luciauum
1100 1816 1249 1901 scripsit?
1272 1817 1312 1880 Et

312 1949 420 2000 tamen
455 1945 575 2001 tantam
606 1934 729 2001 formae
766 1933 961 2012 novitatem,
995 1945 1118 2000 tantam
1150 1933 1312 1998 scribendi

250 2031 254 2038 ⁴
314 2054 540 2139 praestantiam
569 2052 697 2130 videns,
722 2053 793 2140 quis
828 2075 893 2118 non
919 2051 1100 2132 Platonem,
1126 2050 1312 2140 Aristopha-

313 2192 402 2250 nem,
427 2171 682 2236 florentissimam
703 2171 858 2236 Graeciae
874 2179 1064 2235 vetustatem
1083 2168 1226 2256 cogitat?

359 2289 406 2353 De
435 2299 525 2354 tanto
555 2299 621 2353 tam
651 2289 807 2376 singulari
840 2289 907 2352 viro
938 2287 1079 2352 scribere
1109 2289 1252 2376 quamvis
1274 2289 1315 2352 sit

315 2406 466 2486 difficile,
491 2406 583 2472 uobis
613 2418 719 2472 tamen
748 2405 930 2471 difficultati
952 2429 1017 2471 non
1043 2405 1223 2472 cedendum
1249 2427 1317 2472 esse

313 2527 416 2589 visum
447 2535 515 2602 est,
538 2522 592 2587 sed
612 2523 793 2607 perieulum
816 2523 1020 2603 faciendum,
1051 2535 1108 2604 ut,
1133 2525 1236 2613 qualis
1260 2525 1318 2589 ille

316 2643 434 2720 suerit,
459 2639 537 2729 quid
570 2641 724 2720 voluerit,
749 2640 827 2728 quid
848 2641 1007 2721 noluerit,
1031 2641 1318 2728 investigaremus,

318 2759 453 2847 ejusque
473 2758 641 2846 ingenium
659 2770 853 2824 notaremus.
872 2759 976 2847 quue
990 2781 1027 2824 eo
1038 2761 1151 2847 magis,
1164 2760 1319 2849 quoniam

317 2875 510 2943 incredibile
527 2874 617 2940 dictu
634 2888 697 2954 est,
720 2898 816 2964 quam
829 2876 954 2942 diversa
971 2877 1011 2942 dc
1033 2899 1070 2942 eo
1089 2878 1210 2942 fuerint
1231 2879 1315 2944 omni

318 3016 395 3060 aevo
414 2993 582 3059 doctorum
594 2995 734 3060 virorum
744 2995 878 3079 judicia.
911 2995 975 3077 Qui
984 2996 1053 3061 aliis
1065 2997 1149 3061 visus
1161 3007 1207 3062 ert
1216 2997 1322 3081 impu·

319 3133 373 3174 rus
389 3123 566 3176 contemtor
582 3111 734 3192 deorum,
751 3114 889 3179 eundem
903 3114 958 3179 alii
970 3115 1135 3200 probitatis
1150 3125 1316 3180 auctorent

319 3229 545 3294 nominarunt:
571 3253 668 3319 quem
699 3232 846 3298 nonnulli
883 3244 1038 3318 putarunt
1067 3233 1173 3298 omnia
1190 3252 1317 3296 sursuru

320 3346 490 3426 deorsum,
526 3369 610 3434 quac
640 3347 746 3414 adhue
770 3350 963 3429 manebant,
998 3349 1127 3414 diruere
1157 3348 1316 3417 voluisse.

320 3460 408 3530 bunc
426 3465 560 3554 antiqua
575 3467 699 3546 studia,
724 3479 881 3554 quantum
898 3467 968 3532 fieri
986 3478 1110 3551 posset,
1132 3487 1320 3531 conservare

313 3595 350 3648 et
368 3584 560 3652 labefactata
582 3586 763 3651 instaurare
782 3597 934 3651 conatum
949 3607 1015 3651 esse
1027 3586 1083 3651 alii
1101 3583 1317 3650 crediderunt.

227 3695 231 3702 ’
319 3701 382 3766 Sed
404 3702 544 3768 diversas
566 3702 607 3768 dc
627 3703 769 3769 Lucieno
791 3705 961 3769 sententias
983 3703 1102 3787 jamin
1125 3701 1188 3768 hoc
1206 3710 1322 3787 prode-

321 3819 384 3882 mio
397 3839 563 3884 recensere
580 3830 712 3905 propter
729 3819 866 3886 aliorum
882 3845 1009 3908 operam
1023 3843 1088 3886 non
1106 3821 1320 3886 necessarium

265 3927 270 3938 ’
327 3947 374 3999 est
396 3935 418 4002 ¹.
455 3937 523 4024 Ego
552 3959 649 4026 vero,
684 3960 881 4026 quamquam
911 3938 1074 4005 tenuitatis
1100 3960 1191 4004 meae
1220 3939 1319 4026 probe

324 4107 597 4117 ...,-.--—-—..——.

357 4189 363 4214 ¹
386 4181 439 4243 Egit
456 4182 479 4231 id
492 4180 517 4231 (l.
534 4183 563 4230 G.
581 4181 672 4247 Jacob,
691 4182 759 4232 initio
777 4186 884 4240 Charact,
904 4187 940 4234 sui
959 4187 1012 4235 Luc.
1033 4188 1149 4251 llamburg
1162 4186 1234 4238 1832.
