3160 5018
777 458 815 520 16

302 650 420 717 deinde
439 673 471 714 se
490 649 529 714 ad
554 651 685 714 tribules
714 672 786 713 suos
812 648 1022 714 adventitium
1045 671 1117 713 eum
1136 648 1298 714 hominem

301 771 476 836 deductum
498 769 602 832 civem
623 766 747 832 fecisse.
773 766 880 848 Quum
899 789 971 830 vero
997 767 1046 830 illi
1068 768 1169 832 risum
1188 768 1299 832 fuisset

299 888 472 954 circumire
495 886 536 952 ad
562 883 783 949 ostentandam
805 884 990 967 nuptiarum
1009 907 1137 949 suarum
1156 885 1299 950 felicita-

299 1018 384 1086 tem,
409 1005 600 1088 ubieunque
621 1023 654 1066 se
677 1023 751 1065 eum
772 1014 914 1066 secutam
930 1003 1047 1077 luisse,
1064 1026 1188 1067 sursum
1204 1004 1298 1070 deor·

299 1146 370 1188 sum
387 1125 427 1190 ab
444 1145 481 1190 eo
498 1119 763 1187 circumductam.
789 1121 829 1185 Et
848 1141 932 1206 quae
947 1143 1005 1206 per
1020 1121 1186 1188 Graeciam
1201 1136 1299 1209 atquc

298 1241 421 1306 leniam
446 1241 487 1304 ab
515 1240 582 1324 ipsa
610 1239 696 1303 lacta
721 1249 825 1301 essent
848 1235 931 1303 haec
961 1238 1092 1324 quidem
1124 1242 1298 1307 mediocria

39 1306 201 1558 yae&
299 1379 388 1436 esse,
413 1355 467 1420 sed
490 1376 591 1441 quum
611 1377 670 1439 per
692 1354 817 1418 Italiam
841 1355 1044 1449 pgpererinri
1070 1357 1187 1436 vellet,
1209 1359 1298 1423 loni-

300 1495 354 1537 um
378 1495 411 1537 se
431 1473 536 1537 sinum
556 1494 631 1536 cum
655 1494 693 1536 eo
722 1473 908 1558 trajecisse,
932 1472 1073 1558 denique
1097 1473 1130 1536 in
1146 1474 1297 1540 Celticam

300 1611 402 1677 usque
424 1613 497 1656 eum
523 1591 705 1656 comitatam
734 1590 851 1670 luisse,
891 1603 988 1676 atque
1019 1591 1090 1656 illie
1119 1592 1298 1676 locupleta·

300 1709 390 1773 risse.
424 1700 522 1772 Illum
541 1730 616 1772 vero
638 1717 809 1793 postquam
833 1709 879 1772 rei
902 1720 933 1772 et
961 1709 1083 1796 gloriae
1108 1709 1195 1795 quod
1227 1710 1299 1773 satis

300 1837 404 1904 esset,
429 1848 556 1911 parasse
578 1825 638 1890 sibi
664 1825 839 1904 videretur,
865 1825 997 1890 sublatis
1012 1827 1193 1913 superciliis
1209 1826 1299 1892 dese-

301 1943 401 2006 ruisse
431 1964 561 2008 uxorem
591 1953 623 2006 et
659 1941 699 2006 ad
732 1942 902 2006 barbatum
937 1943 1161 2029 Philosophiae
1195 1946 1299 2010 filium

112 2050 287 2190 2³4²&ng
302 2060 473 2144 Dialogum
496 2070 659 2143 tamquam
682 2057 722 2123 ad
746 2060 900 2123 amasium
923 2062 1155 2128 concessisse.»

134 2149 145 2180 a
215 2147 217 2156 ,

105 2246 107 2250 .
186 2194 193 2260 γ
348 2177 464 2240 Elueet
487 2197 524 2239 ex
544 2175 652 2254 hisce,
680 2175 713 2239 ni
735 2174 849 2255 fallor,
874 2186 942 2238 tum
970 2177 1005 2241 in
1025 2180 1144 2265 quihus
1163 2183 1299 2248 maxime

302 2293 489 2379 regionibus
515 2291 643 2374 juvenis
673 2293 833 2357 Luciauus
869 2305 1010 2358 versatus
1042 2297 1141 2361 luerit
1167 2317 1198 2378 ¹,
1231 2312 1299 2364 tum

302 2433 377 2474 vero
405 2432 477 2474 eum
508 2409 576 2493 jam
603 2407 637 2473 in
659 2410 797 2476 Graecia
815 2422 847 2475 et
867 2411 956 2477 lonia
985 2410 1188 2498 sophisticam
1211 2438 1300 2481 exer-

302 2531 416 2595 cuisse.
453 2531 561 2614 Ipsum
598 2530 683 2595 enim
728 2528 886 2614 sophistae
919 2530 982 2594 luit
1003 2543 1204 2619 περινοστεῖν
1230 2539 1299 2600 ἐπι-

302 2650 651 2734 δειξόμενον-πολλούς
682 2654 738 2742 eqd
766 2655 972 2735 θαυμασίους
999 2650 1115 2733 λόγους
1135 2673 1158 2718 ².
1188 2657 1300 2740 Neque

303 2767 497 2833 levissimum
520 2766 788 2853 deprehendimus
806 2767 990 2854 vestigium,
1004 2768 1090 2833 unde
1111 2771 1300 2859 colligamus

303 2886 498 2964 Lucianum‚
524 2906 625 2970 quum
644 2887 677 2949 in
704 2883 830 2948 Italiam
854 2897 884 2948 et
909 2883 1047 2950 Galliam
1068 2886 1223 2974 migraret
1243 2911 1299 2953 no-

305 3026 378 3068 rum
406 3003 569 3089 quoddam
599 3004 683 3068 vitae
712 3003 880 3068 consilium
908 3015 938 3066 et
959 3026 1060 3092 genus
1083 3005 1297 3088 inchoavisse;

338 3225 348 3254 1
369 3221 421 3268 llon
440 3221 543 3284 singulae
561 3221 652 3281 quidem
675 3238 689 3267 a
710 3220 812 3270 luciano
826 3234 957 3287 peregratae
974 3227 1078 3290 regiones
1091 3229 1116 3275 in
1130 3229 1169 3277 Bis
1184 3234 1238 3280 ricc.
1256 3231 1300 3280 l.l,

302 3305 438 3352 nominatim
453 3311 626 3352 enumerentur.
639 3304 677 3352 lta
687 3321 724 3353 ex.
737 3323 773 3361 e.‚
794 3308 824 3354 oh
838 3309 947 3358 Graeciae
964 3313 1061 3360 sonasse
1078 3313 1234 3376 vicinitatem,
1254 3330 1301 3361 non

259 3361 270 3444 l
302 3398 441 3436 memoratur
451 3387 601 3445 ldacedoniu
613 3389 655 3436 ubi
668 3389 809 3451 sophisticas
820 3393 968 3444 recitationes
976 3413 1028 3443 eum
1041 3397 1166 3460 hahuisse,
1179 3409 1300 3460 postquam

298 3475 348 3535 jam
361 3473 386 3520 in
401 3445 653 3536 ltaliffitet
663 3491 691 3521 ex
699 3475 782 3528 llerorl.
791 3493 810 3526 s.
822 3475 922 3525 Actione
931 3515 937 3540 ‚
945 3495 966 3527 c.
979 3476 1063 3537 7et53
1075 3490 1098 3528 et
1111 3481 1190 3544 Scyth.
1199 3498 1217 3533 s.
1228 3481 1300 3542 Hesp.

301 3576 322 3604 c.
335 3556 359 3606 9.
375 3558 540 3606 Verumtamen
551 3561 639 3622 majora
654 3568 715 3607 certe
728 3560 813 3610 itinera
822 3564 938 3626 designari
949 3564 1065 3614 videntur.
1089 3565 1118 3612 ln
1133 3566 1301 3613 constituendis

302 3654 377 3690 nutem
392 3643 489 3706 singulis
509 3644 617 3691 itinerum
635 3646 776 3704 temporibus
796 3663 843 3695 non
859 3649 908 3698 eine
920 3649 994 3696 multa
1006 3649 1134 3697 temeritate
1149 3649 1300 3712 Wielandus‚

304 3729 410 3776 Strnvius
423 3738 446 3776 et
461 3730 596 3778 Wetrlarue
610 3729 696 3778 versati
708 3740 772 3783 sunt.

333 3826 345 3852 ²
364 3825 394 3872 lu
417 3825 469 3887 his,
490 3834 569 3887 utpote
589 3823 726 3873 Rhetoricae
745 3827 811 3890 dote,
827 3827 872 3875 rita
885 3838 934 3876 erat
950 3828 1000 3876 τοῦ
1014 3827 1101 3891 γάμου
1114 3829 1132 3893 ἡ
1145 3829 1301 3893 adnotata,

297 3906 336 3954 llis
350 3906 407 3956 Acc-
427 3925 448 3956 c.
467 3905 509 3956 27.
527 3909 593 3956 Conf.
616 3907 695 3970 Scyth.
711 3925 730 3955 s.
743 3909 813 3970 llosp.
832 3927 853 3958 c·
873 3909 913 3960 10.
928 3911 960 3959 τὸ
975 3910 1066 3966 δεῖξαι
1076 3911 1131 3960 τῶν
1146 3911 1299 3977 λόγοιν-τίσι

296 3991 349 4057 γὰρ
366 3988 401 4039 ts
423 3987 512 4047 ἄλλοις
530 3989 623 4047 ἔδειξα
636 3993 720 4056 σιωπῇ
733 3991 906 4060 παροδεύσας
917 3991 1084 4062 τηλικαύτην
1096 3996 1193 4053 σσόλιιι,Ι
1213 3998 1295 4046 llerod.

297 4093 316 4120 ιι.
337 4076 430 4124 Aetion.
444 4092 465 4122 e,
479 4074 508 4135 7,
524 4074 567 4124 ileo
578 4072 712 4132 πλείστοις
727 4075 818 4132 δεῖξαι
831 4075 913 4136 τάμά.
928 4080 1038 4128 Hermon.
1051 4099 1072 4128 e.
1088 4081 1118 4141 7,
1128 4081 1257 4147 δημόσιόν
1270 4103 1297 4134 τι

295 4155 515 4216 ἐπιδεικνύμενοι.
531 4185 549 4194 -
562 4156 753 4223 amassent-m
766 4157 830 4213 τοὺς
839 4157 939 4222 λόγους.
957 4161 991 4210 lle
1005 4163 1175 4230 nonomen),
1186 4164 1242 4227 c-S,
1254 4164 1294 4214 ll.
