3160 5018
198 3893 233 4156 t

752 424 792 487 28

278 609 395 675 Suidae
415 610 630 675 testimonium
655 634 728 677 eum
757 617 794 679 iis
818 618 984 681 conciliari
1009 618 1129 701 possint
1155 627 1176 683 ¹.
1203 617 1272 681 Non

278 727 384 811 potuit
400 729 560 793 Lucianus
584 729 623 792 in‘
641 728 705 796 Bis·
730 737 901 798 Accusata
932 734 1137 799 Rhetoricam
1161 735 1204 798 ita
1228 734 1273 798 lo·

279 857 431 930 quentem
444 846 618 926 inducere,
636 861 672 912 ut
689 851 870 915 memoratis
886 852 1072 932 itineribus,
1094 872 1178 938 quae
1195 873 1273 914 uror

279 963 393 1030 marito
418 986 475 1029 suo
497 987 555 1050 per
576 965 720 1047 Ioniam,
744 981 775 1032 et
790 969 959 1034 Graeciam
977 970 1084 1035 facere
1106 968 1277 1034 concessis-

280 1089 348 1156 set,
373 1079 490 1145 deinde
510 1081 607 1166 plane
632 1083 746 1147 omissi
772 1085 838 1149 total
863 1086 898 1149 in
914 1086 1040 1174 Syriam
1060 1085 1274 1173 migratione,

281 1208 533 1282 conquereretur
560 1200 797 1288 navigationem
824 1224 842 1265 a
873 1204 1008 1270 Graecia
1033 1203 1069 1266 in
1082 1203 1209 1268 Italiam
1233 1202 1278 1265 fa-

281 1323 381 1388 ctam,
393 1315 486 1400 quasi
495 1313 558 1379 hoc
571 1314 699 1380 demum
709 1319 860 1382 remotius
870 1320 931 1408 iter
940 1321 1078 1386 fecisset.
1093 1320 1159 1384 Nec
1169 1305 1277 1382 rursus

281 1431 306 1493 si
323 1429 514 1496 Antiochiae
535 1432 668 1518 quidem
690 1455 814 1498 caussas
837 1448 973 1516 orasset,
1005 1459 1063 1521 per
1083 1447 1181 1500 totam
1205 1457 1278 1499 vero

281 1546 441 1632 reliquam
462 1549 559 1612 vitam
581 1563 613 1615 et
634 1551 669 1613 in
690 1551 766 1637 ipsis
795 1552 991 1617 Graecorum
1013 1553 1114 1618 oculis
1140 1551 1280 1636 sophista

282 1675 408 1727 tantum
429 1666 559 1746 fuisset,
580 1668 757 1753 probabilis
769 1669 850 1757 fingi
867 1692 978 1735 caussa
996 1681 1141 1758 poterat,
1167 1692 1226 1734 cur
1246 1668 1280 1731 in

283 1780 465 1847 Piscatore
482 1783 615 1850 Athenis
634 1787 858 1852 reviviscentes
870 1787 1070 1874 philosophi,
1095 1808 1196 1873 quum
1222 1788 1281 1850 Lu-

283 1900 413 1965 cianum
425 1922 514 1964 reum
535 1915 669 1990 agerent
688 1916 821 1988 propter
841 1906 1035 1990 scriptorum
1048 1926 1169 1992 genus,
1195 1901 1281 1988 quod

284 2042 386 2104 paene
408 2022 684 2107 quadragenarius
706 2023 836 2088 demum
869 2023 1097 2103 inchoaverat,
1136 2021 1214 2087 huie
1238 2023 1283 2086 lo·

286 2139 370 2202 rensi
385 2140 512 2203 muneri
529 2151 653 2202 tantum
670 2139 865 2217 tribuerent,
883 2152 919 2203 ut
930 2151 1063 2224 propter
1073 2139 1156 2203 illud
1167 2160 1284 2204 memo-

285 2267 392 2318 rarent
417 2255 484 2338 ejus
512 2261 546 2323 te
575 2265 642 2330 τοῖς
667 2255 886 2340 δικαστηρίοις
908 2257 1125 2338 εὐδοκιμήσεις
1141 2273 1166 2334 ¹,
1193 2256 1285 2340 quasi

285 2375 326 2437 ab
343 2375 381 2436 iis
396 2374 575 2438 recessisset
590 2385 626 2437 ut
646 2374 681 2437 in
701 2375 785 2460 ipsos
797 2374 953 2459 impetum
968 2395 1061 2436 suum
1074 2383 1284 2438 converteret.

329 2491 432 2554 Simul
453 2491 574 2556 iccirco
592 2490 801 2574 rejiciendam
817 2512 982 2555 censemus
1001 2511 1070 2552 eam
1086 2489 1284 2574 opinionem,

285 2622 387 2674 ortam
410 2608 550 2674 estudio
572 2608 768 2674 conciliandi
793 2608 925 2672 Suidam
948 2630 1022 2673 enm
1044 2607 1170 2693 scriptis
1191 2608 1288 2672 Luci-

285 2729 394 2806 aneis,
421 2728 512 2814 qnasi
533 2727 602 2810 jam
625 2726 797 2791 admodum
810 2727 941 2812 juvenis
953 2727 1114 2790 Lucianus
1130 2725 1288 2811 peculiari

286 2844 426 2930 quadam
453 2855 485 2909 et
521 2865 676 2931 generosa
706 2843 805 2907 animi
839 2843 1045 2908 conversione
1080 2865 1099 2904 a
1132 2843 1288 2927 perversis

285 2963 470 3048 aequalium
489 2963 610 3026 artibus
632 2961 672 3025 ad
693 2960 913 3045 philosophiae
940 2960 1081 3025 studium
1114 2983 1147 3024 se
1172 2973 1289 3025 contu·

286 3079 394 3150 lisset,
415 3091 547 3163 propter
563 3089 785 3163 paupertatem
800 3077 883 3141 illud
907 3076 1060 3142 duntaxat
1080 3099 1155 3142 curn
1176 3076 1289 3143 rheto-

477 3251 583 3258 ..-.---..

321 3357 331 3394 ¹
352 3358 404 3405 Jam
416 3359 571 3420 Wielandus,
590 3359 632 3406 Th.
649 3359 660 3405 l
669 3394 676 3420 ,
687 3357 710 3404 S.
727 3357 820 3419 Vll,et
834 3357 871 3406 Fr.
887 3358 916 3405 G.
931 3356 1047 3417 Schoene,
1064 3355 1119 3403 Luc.
1137 3354 1220 3400 Troum
1233 3360 1288 3399 cett.

193 3491 195 3497 ,
285 3443 357 3492 llalle
374 3441 453 3504 1838,
470 3445 493 3490 S.
510 3443 534 3492 5.
554 3460 693 3505 quamquem
716 3451 823 3489 statuunt
842 3441 970 3489 Lucianum
987 3440 1099 3502 peculiari
1111 3438 1208 3500 quedam
1226 3435 1288 3483 vitae

288 3528 426 3590 consiliique
440 3529 567 3574 mutatione
581 3545 595 3574 a
611 3528 697 3575 caussis
711 3526 814 3574 dicendis
830 3527 859 3572 ad
871 3526 1031 3574 scholasticam
1044 3521 1200 3584 eloquentiam
1214 3528 1290 3566 trene-

286 3617 354 3676 iiese,
369 3623 447 3661 tamen
460 3630 530 3674 quum
544 3613 696 3660 caussidieum
710 3628 762 3657 cum
779 3611 849 3658 fuisse
866 3619 947 3670 putent
962 3609 987 3656 in
1001 3608 1097 3656 Graecia
1111 3601 1290 3653 etArieSuidae

287 3699 444 3748 testimonium
468 3698 537 3745 tacite
560 3697 676 3759 rejiciunt.
702 3695 807 3742 llanlrius
833 3695 931 3756 denique
956 3694 980 3740 in
1008 3691 1138 3741 doctissime
1169 3697 1290 3736 comment.

290 3786 374 3832 Pollux
396 3791 418 3830 et
442 3783 556 3830 Lucianus
577 3782 687 3843 inscripta
700 3798 722 3841 p.
738 3779 785 3841 26,
800 3782 898 3829 strictim
912 3781 1003 3828 notavit
1019 3779 1144 3826 Luciauum
1159 3792 1230 3824 «non
1243 3785 1290 3823 tam

289 3869 426 3916 Antiochiae
434 3869 495 3929 quod
502 3868 582 3913 Suidas
589 3868 733 3913 ait-fortasse
741 3865 811 3928 hujus
819 3864 913 3913 luciani
922 3881 973 3912 curn
982 3863 1065 3911 seriore
1079 3862 1136 3917 illo,
1151 3861 1192 3922 qui
1200 3858 1291 3906 Julieni

289 3964 363 4000 aetate
381 3955 473 4001 vivebat
492 3953 669 4000 commutatione
682 3954 743 3998 lacta
757 3952 782 3998 in
795 3967 892 3998 errorem
908 3951 1041 4012 conjcctus,
1053 3975 1081 3984 --
1094 3964 1162 4010 quem
1175 3943 1289 4004 Athenis,

289 4035 372 4085 raised
389 4039 599 4085 cvrussa'dicoruro
614 4043 687 4099 erte,
705 4036 739 4082 od
754 4035 907 4100 scrihppdpp
923 4035 1044 4102 dp'qqqloo.
1059 4032 1238 4098 egressione.»

326 4148 338 4174 ²
360 4151 443 4198 l’iseat.
462 4169 481 4198 e,
497 4151 537 4198 ¹25.
