3160 5018
765 425 807 486 60

288 619 441 674 sostomus
477 621 509 674 et
549 612 647 696 ipsius
677 625 781 679 aetate
812 614 922 681 Aelius
958 617 1115 684 Aristides
1147 620 1289 685 luerunt.

336 729 427 811 Quae
446 731 546 796 altera
567 733 608 798 ah
632 755 670 797 eo
686 733 719 798 in
740 732 930 798 Rhetorum
947 734 1172 824 Praeceptore
1191 738 1292 804 ardua

293 857 324 910 et
348 847 444 936 longa
470 861 501 913 et
521 872 632 935 aspera
662 852 712 916 ria
736 864 954 933 monstratur,
982 875 1041 938 per
1071 854 1292 920 Demosthenis

292 985 329 1028 ea
338 964 489 1044 Platonis,
501 965 679 1048 Aeschinis,
695 968 854 1049 Isocratis,
864 971 1002 1035 aliorum
1013 972 1147 1061 antiqua
1161 972 1293 1058 vestigia

292 1081 383 1146 ducit
408 1083 430 1146 ¹.
465 1083 600 1148 Severus
630 1085 810 1151 illius-dux
843 1088 995 1153 viatorem
1020 1087 1135 1172 jubet:
1174 1088 1293 1176 ζηλοῦν

291 1203 435 1276 ἐκείνους
454 1206 529 1276 τούς
554 1203 711 1291 α’ρχαίοας
728 1205 853 1290 ἄνδρας
868 1222 892 1279 ²,
916 1217 947 1269 et
973 1206 1136 1273 versandis
1163 1206 1294 1272 illorum

292 1317 418 1403 scriptis
452 1339 550 1402 quam
583 1320 761 1403 plurimum
786 1333 818 1383 et
851 1323 1003 1406 temporis
1035 1334 1067 1386 et
1102 1322 1292 1407 diligentiae

292 1435 489 1522 impendere.
516 1438 603 1502 Ilaec
626 1437 727 1525 igitur
746 1438 813 1517 rio,
832 1461 896 1503 non
917 1439 1009 1528 quasi
1024 1440 1117 1504 nimis
1134 1439 1293 1525 quaedam
1357 1445 1361 1454 '

233 1613 237 1622 ,
292 1555 450 1621 laboriosa
472 1567 527 1621 aut
542 1557 677 1643 antiqua
693 1557 849 1640 μεθόδος,
876 1554 1002 1623 alteria
1027 1559 1168 1625 Lucieno
1193 1579 1294 1643 oppo-

294 1673 399 1753 nitur,
422 1674 514 1762 quasi
539 1675 575 1739 in
596 1673 742 1759 pejorem
765 1676 918 1741 duntaxat
944 1687 1067 1761 partem
1089 1689 1248 1742 extremae
1265 1679 1292 1756 ³;

292 1811 357 1876 quo
391 1790 476 1855 facto
506 1791 604 1876 plane
636 1792 808 1879 langueret
832 1791 1030 1859 admirabilis
1054 1793 1178 1872 ironia,
1213 1815 1294 1882 quae

334 2037 345 2067 ¹
364 2037 410 2087 llh.
424 2039 503 2087 Praec.
521 2056 542 2086 c.
560 2037 714 2102 9‚10,17.

329 2137 341 2164 ²
361 2134 422 2184 lbid.
437 2153 459 2184 c.
472 2134 499 2183 9.

326 2228 339 2263 ⁵
362 2231 402 2279 Dr.
418 2231 456 2279 Fr.
470 2231 577 2291 Cramer,
591 2232 617 2279 in
631 2232 768 2280 Gesehiclrte
780 2232 821 2278 der
833 2232 923 2280 Ersieh.
935 2233 966 2280 im
975 2233 1076 2287 Alterth.
1092 2235 1135 2286 Th.
1149 2234 1216 2299 11,S.
1230 2234 1291 2291 728,

293 2316 345 2363 «ln
364 2316 404 2362 der
425 2314 516 2362 Redner
533 2314 617 2363 Schule
639 2315 731 2363 scheint
752 2315 868 2363 Lucianus
888 2316 969 2379 nicht,
987 2318 1032 2365 wie
1050 2317 1125 2365 Jacob
1144 2320 1233 2382 meint,
1255 2321 1292 2367 dia

290 2407 350 2446 erote
362 2398 443 2447 Weise
458 2399 582 2446 besonders
595 2397 672 2447 haban
684 2398 812 2460 emplehlcn
825 2399 927 2462 woden,
940 2401 1040 2448 condem
1054 2402 1097 2449 wir
1114 2402 1166 2450 sind
1181 2402 1294 2450 rialmehr

290 2485 331 2534 der
343 2482 442 2533 Ansicht
454 2485 508 2532 dass
520 2501 545 2532 er
558 2484 584 2532 in
598 2486 673 2534 dieser
685 2483 773 2534 Schril't
786 2485 831 2534 ds'e
846 2484 939 2534 beiden
950 2486 1148 2536 methodisclress
1167 2487 1293 2535 Extrema

289 2572 315 2618 in
332 2573 372 2620 der
384 2570 565 2619 Peredtssmlreit
581 2572 729 2635 autgestalt.a
750 2571 795 2620 Vir
806 2572 964 2620 doctissimus:
979 2573 1055 2622 Jacob
1066 2573 1170 2627 omnino,
1180 2589 1233 2632 prae
1247 2573 1295 2619 sin-

288 2654 365 2719 gulari
375 2663 398 2703 et
410 2653 508 2702 Luciam
521 2664 545 2702 et
560 2655 654 2703 virtutis
665 2655 742 2705 civilis
754 2671 845 2718 amore,
862 2657 987 2705 studiosius
999 2659 1025 2705 in
1039 2658 1113 2706 altero
1126 2658 1223 2705 alteram
1242 2673 1293 2704 sm-

289 2739 359 2799 plecti
373 2748 469 2789 conatus
483 2748 532 2800 est,
549 2738 632 2787 ubido
649 2738 694 2788 llh.
707 2739 865 2800 Praeceptoris
880 2741 980 2789 consilio
993 2741 1100 2804 conjecit.
1123 2740 1192 2789 abin
1205 2750 1294 2788 ernstes

290 2824 338 2870 und
351 2823 505 2872 anhaltendea
523 2819 630 2870 Studium
648 2823 688 2870 der
700 2821 918 2872 Demosthenischen
932 2825 1020 2872 Werlre
1032 2825 1151 2872 wdrde-
1162 2839 1188 2869 so
1202 2823 1293 2872 mochte

292 2908 379 2955 lucian
386 2909 478 2956 denken
486 2933 514 2945 -·
523 2906 561 2955 die
575 2906 736 2969 Zeitgenossen
750 2921 797 2953 ron
809 2905 919 2956 mancher
932 2907 1060 2970 Verirruog
1072 2905 1193 2969 abgelirhrt
1207 2907 1258 2954 und
1267 2907 1292 2955 in

290 2993 360 3039 ihnen
379 2993 418 3040 ein
435 2990 576 3040 lebhalteres
595 2991 709 3038 interesse
728 2992 768 3038 fiir
788 2991 830 3038 das
842 2990 973 3038 Practischa
987 2991 1036 3038 und
1048 2992 1088 3039 isar
1099 2990 1138 3038 ein
1150 2991 1190 3039 der
1203 2989 1292 3040 sorde-

289 3093 347 3139 rung
367 3077 407 3124 des
425 3072 607 3123 Staatszweclaes
625 3074 770 3137 gewidmetes
785 3074 862 3123 Leben
876 3074 964 3122 erwekt
981 3073 1085 3126 baben.»
1104 3073 1174 3122 Char.
1187 3073 1212 3123 S.
1228 3071 1287 3124 101.

291 3159 412 3225 Ejusmodi
433 3159 542 3222 cogitatio
557 3169 617 3207 certe
629 3175 678 3206 non
689 3159 759 3206 facile
774 3158 799 3206 in
811 3158 938 3207 Lucianum
953 3157 1073 3214 ceciderit3
1094 3157 1134 3205 sed
1148 3173 1215 3206 omne
1227 3157 1291 3206 aliud

288 3256 337 3307 est,
350 3245 413 3308 quod
425 3244 486 3292 idem
506 3245 563 3294 ibid.
577 3255 638 3293 recte
652 3245 764 3304 attendit,
780 3244 906 3292 lucianum
920 3243 1045 3292 severiores
1064 3243 1172 3305 antiquos
1185 3244 1291 3294 homines

286 3331 311 3378 in
328 3329 441 3378 rhetorica
460 3330 530 3378 ducas
545 3331 723 3379 commendasse.
741 3328 766 3378 Si
785 3345 865 3376 rerum
886 3329 931 3387 sit,
947 3328 1074 3391 quodcum
1087 3327 1182 3375 llanlrio
1196 3328 1291 3377 Crame-

288 3430 327 3462 rns
348 3422 427 3476 putat,
452 3413 570 3461 Pollucem
588 3414 614 3461 in
631 3413 678 3463 Rh.
699 3413 738 3462 Pr.
760 3413 851 3475 notari,
872 3422 896 3462 et
910 3413 931 3462 si
943 3413 999 3460 huic
1014 3429 1028 3460 a
1043 3411 1145 3460 luciano
1160 3423 1290 3474 opponatur

288 3496 394 3558 sophista
413 3496 522 3546 chrestus
538 3505 565 3542 ut
577 3494 686 3560 ἡγεμὼν
698 3498 748 3560 τῆς
761 3494 893 3563 τραχείας
911 3492 996 3555 ὁδοῦ,
1016 3510 1064 3542 non
1076 3495 1142 3542 aliud
1154 3495 1208 3543 inde
1220 3510 1290 3555 appa-

288 3594 354 3646 reat,
369 3601 438 3646 quarn
452 3582 578 3632 lucianum
591 3583 617 3630 in
633 3582 730 3632 Chresto
744 3582 882 3642 peculiarem
896 3582 1018 3644 quamdam
1033 3580 1169 3642 disciplinae
1181 3581 1289 3628 severita-

287 3677 332 3716 tem
345 3678 368 3717 et
381 3669 529 3730 antiquorum
543 3666 698 3728 exemplorum
712 3666 812 3714 studium
820 3667 938 3726 probasse.
946 3665 1024 3729 Neque
1038 3665 1100 3714 enim
1113 3666 1206 3728 probari
1212 3674 1289 3728 potest

287 3752 406 3802 Chrestum
425 3753 540 3814 quoddam
558 3751 710 3800 methodicum
727 3760 853 3798 extremum
874 3750 1032 3800 retulisse-
1047 3749 1091 3797 Sed
1110 3759 1228 3810 praeterea
1239 3765 1288 3798 non

287 3847 322 3884 eat
343 3837 464 3899 probabile
485 3837 632 3886 Chrestuma
659 3834 761 3883 Lucieno
781 3834 934 3898 significatum
958 3834 1045 3896 fuisse,
1068 3834 1107 3882 rel
1125 3843 1217 3897 propter
1242 3832 1288 3881 hoo

286 3938 368 3983 sinum,
384 3921 446 3984 quod
458 3903 626 3970 huolinsereri
640 3919 705 3967 ducis
719 3919 808 3982 legibus
824 3919 960 3968 nominatim
975 3920 1028 3983 τὴν
1043 3916 1231 3968 ὑδατοποσίαν
1248 3935 1288 3966 re-

286 4015 377 4067 ronsct,
392 4005 437 4058 lllr.
451 4006 489 4053 Pr.
505 4023 527 4053 o.
537 4003 569 4066 9,
584 4021 654 4067 quum
669 4005 697 4052 de
713 4003 809 4052 Chresto
823 4003 922 4053 Philost.
937 4004 1056 4065 retulerit,
1070 4022 1122 4052 eum
1137 4019 1184 4052 nou
1195 4002 1286 4065 quidem

285 4089 413 4152 ebriosum,
430 4099 530 4138 attamen
546 4091 651 4140 vinosum
663 4090 733 4138 tuisse
744 4106 749 4147 ;
759 4092 776 4138 l.
790 4089 814 4138 ll
829 4129 835 4154 ‚
848 4090 895 4153 ll,
911 4088 961 4156 52,
977 4085 1058 4140 Olsoo
1073 4087 1103 4140 dt
1118 4087 1285 4154 ἡττώμοοος,

285 4172 553 4240 παροινίαςιέκράτει.
