3160 5018
764 388 804 450 10

285 578 386 666 posita
407 593 488 645 esset
510 581 543 645 in
572 582 650 646 falsa
681 581 819 669 quadam
851 593 881 646 et
911 581 1054 666 speciosa
1079 580 1281 669 eloquentiae

284 707 317 760 et
341 696 561 784 philosophiae
590 698 822 782 conjunctione
845 697 876 778 ¹,
906 698 1077 764 consilium
1109 710 1216 763 autem
1245 721 1283 762 eo

285 817 481 904 pertineret,
508 829 545 882 ut
571 817 744 883 commodis
773 818 837 881 suis
859 817 997 904 quisque
1017 817 1051 881 in
1072 817 1202 882 civitate
1217 815 1284 880 effi-

286 935 452 1001 cacissime
469 936 638 1000 consulere
654 946 759 1020 posset
781 931 804 998 ².
879 1011 883 1019 ‚

329 1053 393 1119 Sed
413 1053 528 1122 horum
545 1050 757 1138 sophistarum
778 1064 947 1138 postquam
970 1052 1045 1117 ritia
1058 1062 1089 1114 et
1102 1050 1285 1140 philosophi

286 1182 317 1236 et
348 1169 491 1235 rhetores
519 1180 733 1250 notaverunt,
770 1182 868 1256 atque
895 1191 959 1234 una
980 1190 1055 1234 cum
1086 1168 1285 1256 reliquarum

286 1288 530 1373 disciplinarum
549 1286 734 1352 doctoribus
757 1287 845 1350 velut
871 1307 1007 1374 regnum
1035 1285 1173 1375 quisque
1192 1309 1284 1351 suum

285 1415 580 1488 recuperaverunt,
603 1425 676 1468 mox
700 1405 829 1469 evanuit
845 1402 968 1492 gloria,
989 1403 1159 1492 ipsumque
1169 1425 1286 1469 nomeu

286 1521 443 1586 contraxit
465 1521 650 1601 iufamiam3
672 1521 775 1586 donec
797 1521 913 1586 sensim
932 1520 1130 1606 sensimque,
1149 1521 1286 1586 maxime

285 1639 388 1724 primo
408 1650 480 1724 post
502 1637 575 1708 Chr.
598 1640 744 1718 saeculo,
770 1639 898 1703 iterum
909 1640 965 1706 sed
985 1637 1108 1702 mutata
1123 1638 1285 1725 significa-

286 1757 394 1837 tione,
433 1778 499 1820 una
536 1757 570 1820 in
609 1758 720 1842 paucis
750 1699 927 1826 honorilice
955 1756 1068 1824 haberi
1094 1767 1208 1842 coepta
1239 1770 1286 1824 est
1386 1793 1390 1803 ι

285 1874 444 1963 sophistae
461 1875 649 1962 appellatio.

329 1995 468 2063 Dicendi
481 1998 567 2062 enim
578 2018 750 2085 ars,quam
761 1999 887 2085 antiqui
900 1999 1060 2090 sophistae
1078 2003 1252 2080 ἐπιδείξεσι
1275 2005 1286 2040 ³

285 2116 350 2180 suis
382 2114 614 2190 adhibuerant,
642 2136 660 2176 a
694 2112 891 2179 rhetoribus
915 2117 1031 2184 deiude
1063 2121 1191 2186 exculta
1223 2120 1287 2185 fuit

287 2244 317 2298 et
340 2232 455 2296 melius
480 2232 688 2296 conformata.
713 2233 880 2317 Inprimis
902 2258 938 2300 ex
957 2257 1022 2323 qno
1040 2239 1215 2318 Isocrates,
1236 2260 1285 2303 so-

286 2351 464 2437 phistarum
491 2350 560 2435 ipse
583 2361 731 2416 strenuus
753 2352 974 2431 adversarius,
1002 2357 1199 2422 nobilissimi
1230 2357 1287 2421 sui

287 2468 417 2550 schola,
441 2469 675 2534 institutionem
704 2472 874 2537 oratoriam
896 2475 1138 2541 acontentiosis
1162 2487 1193 2539 et
1216 2473 1286 2562 phi-

287 2585 459 2676 losophicis
480 2589 614 2653 istorum
633 2587 902 2676 disputationibus
921 2590 1103 2675 sejunxerat
1124 2588 1148 2658 ⁴.
1168 2593 1288 2677 ,ltaque

287 2706 431 2774 constitit
455 2704 523 2789 jam
547 2706 671 2792 pridem
692 2705 784 2788 juxta
816 2708 981 2793 politicam
1006 2720 1037 2772 et
1066 2707 1195 2773 civilem
1221 2709 1287 2773 elo-

287 2825 452 2913 quentiam
465 2822 528 2888 alia
539 2825 738 2909 ἐπιδεικτική
750 2821 780 2903 ⁵,
805 2846 887 2912 quae
908 2847 973 2890 non
985 2837 1050 2890 tam
1061 2826 1096 2891 in
1107 2849 1215 2892 rerum
1228 2848 1288 2893 usu

287 2955 319 3008 et
341 2944 494 3022 veritate,
512 2964 610 3032 quam
628 2943 662 3007 iu
688 2945 846 3009 oratoriae
869 2946 1032 3010 facultatis
1060 2946 1289 3012 exercitatione

288 3077 320 3128 ct
340 3063 553 3129 ostentatione
578 3063 774 3128 versabatur.
805 3064 891 3128 llaec
918 3076 1030 3148 postea
1055 3087 1089 3129 se
1115 3065 1230 3130 extulit
1258 3077 1290 3129 et

326 3253 337 3284 ¹
358 3257 425 3307 Conl,
436 3255 601 3315 Tennemanu,
619 3257 702 3306 Gesch.
710 3258 751 3306 der
758 3257 818 3310 mil.
829 3257 872 3305 lh.
884 3259 891 3307 l
907 3257 994 3321 ,8344
1002 3275 1053 3322 sqq.
1062 3275 1069 3317 ς
1079 3259 1155 3309 (icelii
1161 3260 1221 3309 ttius.
1229 3260 1287 3312 cair.

290 3341 390 3403 Sophist.
405 3358 428 3402 p.
442 3339 491 3403 67,
507 3342 599 3402 passim.

330 3440 343 3468 ²
362 3437 424 3486 Plot.
439 3454 490 3485 eum
498 3438 567 3500 Gorg.
583 3454 605 3498 p,
618 3436 681 3500 452,
691 3438 719 3486 1).
732 3448 780 3486 tum
792 3437 883 3500 Protag.
891 3453 914 3498 p.
923 3435 1016 3500 3l8,E.
1029 3437 1088 3488 319.
1101 3443 1130 3490 Α.
1147 3437 1288 3503 πολιτικὴν

289 3520 397 3588 τέχνην.
414 3522 481 3570 Coul.
496 3522 581 3570 Stallh.
596 3523 722 3586 Prolegorn.
735 3524 764 3570 ad
779 3522 909 3582 llenomm,
922 3521 979 3570 Vol.
995 3522 1041 3580 Vl,
1059 3521 1119 3571 Seet.
1133 3521 1173 3584 11,
1188 3537 1213 3582 p.
1229 3519 1254 3570 8.

323 3612 336 3651 ὅ
353 3617 387 3665 De
400 3618 463 3666 rocio
478 3634 523 3665 usu
535 3619 596 3669 conl.
611 3617 751 3678 Platfiorg.
768 3633 791 3678 p.
806 3616 870 3675 447,
885 3621 914 3670 tt.
931 3617 1090 3680 B,etStallh.
1102 3618 1181 3667 adnm.
1190 3617 1287 3676 odloe.;

291 3704 357 3768 Geel,
370 3704 388 3756 l.
401 3703 418 3752 l.
433 3719 484 3766 pag.
498 3701 532 3753 64
547 3719 582 3766 sq.

323 3799 339 3836 4
357 3802 426 3854 Ceut.
445 3801 485 3849 Dr.
500 3807 557 3856 Ant.
577 3802 755 3856 Westennauu‚
772 3799 854 3848 Gesch.
870 3803 910 3849 der
922 3799 1104 3850 Beredtsamlreit
1118 3798 1142 3846 in
1154 3797 1288 3848 (iriecheul.

291 3903 315 3934 u.
331 3885 399 3936 Rom.
414 3885 458 3934 Th.
473 3886 502 3948 l,
516 3885 540 3934 S.
555 3885 597 3936 78.

328 3979 338 4014 ⁵
363 3984 432 4034 Ceut.
448 3982 521 4034 Cicer.
542 3983 607 4031 Orat.
630 3981 731 4030 c.llet
750 3980 787 4039 l33
807 3981 907 4044 Quintil.
927 3982 968 4028 lib.
992 3980 1045 4033 Ill,
1067 3997 1088 4028 c.
1105 3981 1127 4028 4.
1142 3979 1154 4042 4
1171 3978 1214 4034 13.
1240 3977 1286 4032 14ἰ

292 4070 360 4118 Voss.
376 4070 435 4120 lust.
444 4069 509 4118 Orat.
518 4105 524 4130 ,
534 4069 593 4130 Opp.
606 4070 644 4118 ed.
659 4069 722 4120 laud.
738 4068 763 4121 T.
778 4068 831 4130 lll,
848 4085 870 4129 p.
887 4066 916 4116 14
927 4077 962 4130 ,et
971 4069 1148 4123 Westrrmano,
1165 4067 1207 4126 Op.
1223 4066 1286 4114 laad.

293 4151 335 4201 Th.
354 4151 494 4220 1.s.143,
517 4164 566 4208 net.
587 4153 628 4204 30.
