3160 5018
777 415 818 478 74

292 620 361 696 post
383 608 568 673 Parthicum
588 607 711 674 bellum
729 627 833 693 usque
849 606 884 670 in
895 606 1096 672 occidentem
1110 619 1286 694 propagata

291 738 358 808 est,
376 725 447 810 jam
470 747 508 790 eo
530 738 676 813 tempora
698 725 826 816 Syriam
851 725 1003 792 invadere
1025 727 1167 810 coepisse
1186 726 1285 812 (conf.

291 843 465 910 Hermanni
487 844 561 912 adn.
590 844 631 910 ad
650 847 766 928 Quom.
785 845 1019 933 Histssonscr.
1045 846 1069 913 l.
1091 843 1114 911 l.
1136 865 1170 930 p,
1198 840 1286 930 109).

290 961 426 1029 Caussae
447 962 570 1049 igitur,
588 973 685 1047 puto,
708 963 744 1028 in
760 973 914 1048 promptu
933 973 1027 1043 sunt,
1050 973 1183 1050 propter
1209 980 1288 1047 quas

292 1099 330 1143 eo
360 1079 559 1164 potissimum
589 1089 733 1164 tempore
766 1090 890 1166 patrem
922 1102 997 1148 eum
1027 1079 1228 1145 arcessivisse
1257 1089 1289 1142 et

291 1214 403 1258 secum
427 1194 462 1257 in
489 1193 656 1259 Graeciam
677 1195 802 1261 duxisse
824 1217 900 1261 vern
929 1197 1033 1262 simile
1055 1196 1107 1262 sit.
1141 1196 1288 1281 Denique

292 1333 311 1378 o
341 1309 484 1386 Somnio
512 1311 742 1400 intelligimus,
771 1315 950 1380 lucianum
969 1315 1106 1399 patriam
1124 1315 1289 1392 revisisse,

292 1440 465 1516 postquam
493 1448 530 1492 ex
565 1404 754 1508 occidente,
781 1451 897 1516 nempe
930 1431 1110 1511 e'Gallia,
1131 1430 1288 1509 redierat,

292 1549 314 1613 i.
338 1573 368 1615 e.
390 1547 450 1611 suh
473 1546 754 1635 quadragesimum
765 1548 877 1612 aetatis
890 1569 1030 1630 annum;
1045 1547 1192 1614 Eruditio
1203 1549 1291 1615 enim

295 1689 324 1732 c.
340 1670 400 1746 15,
419 1688 477 1752 per
490 1676 685 1730 nocturnam
696 1666 854 1732 visionem
871 1667 947 1733 inde
967 1668 1009 1734 ab
1020 1667 1144 1732 oriente
1157 1666 1192 1731 in
1204 1666 1293 1731 occi-

293 1787 422 1852 dentem
462 1807 536 1852 eum
565 1785 762 1869 deduxerat,
796 1786 911 1852 exinde
941 1807 971 1853 c.
996 1788 1059 1866 16,
1083 1789 1290 1867 ἐπανήγαγεν

294 1899 394 1980 αὖθις
413 1904 454 1971 ad
474 1915 598 1989 patrem
619 1914 651 1970 ct
673 1915 904 1970 monstraverat
925 1903 1031 1991 qualis
1059 1910 1288 1982 reverteretur;

295 2047 325 2093 o.
353 2028 411 2104 18,
442 2035 550 2090 autem
575 2023 727 2090 admonet
750 2023 910 2090 Lucianus
925 2021 1077 2107 juvenes,
1094 2033 1132 2086 ut
1152 2043 1194 2086 ne
1217 2023 1290 2107 quis

295 2162 407 2207 eorum
428 2143 468 2208 ob
490 2152 712 2228 paupertatem
732 2142 837 2206 animo
848 2141 997 2220 deficiat,
1014 2139 1070 2204 sed
1083 2160 1176 2203 suum
1186 2160 1292 2204 exem-

294 2262 386 2345 plum
404 2259 574 2345 respiciat,
598 2263 721 2328 ἐννοῶν
742 2256 810 2333 οἷον
828 2263 889 2341 μὲν
909 2260 956 2326 ὧν
968 2258 1150 2333 -παιόείας
1172 2263 1293 2324 tutuo-

293 2378 486 2464 μησα-οἶος
509 2378 543 2445 δε
570 2379 650 2464 πρὸς
674 2380 757 2461 ὑμᾶς
778 2375 1024 2459 ἐπανελήλυθα.

338 2496 405 2561 Nisi
423 2495 533 2584 igitur·
545 2495 706 2561 Lucianus
724 2495 795 2580 ipsi
816 2495 952 2560 florente
975 2505 1097 2573 aetate,
1120 2511 1294 2578 perquam

294 2615 433 2701 plurima
448 2613 516 2698 ejus
527 2615 646 2700 scripta
666 2614 838 2679 ostendunt
857 2635 931 2678 eum
949 2615 1144 2700 plerumque
1159 2608 1294 2674 Athenis

294 2735 329 2798 in
347 2733 412 2798 otio
432 2731 614 2797 consedisse
639 2732 737 2821 (conl.
756 2743 822 2796 not.
838 2730 879 2796 ad
901 2731 977 2797 diss.
995 2740 1095 2795 nostr.
1119 2750 1152 2813 p.
1166 2729 1227 2804 53,
1248 2720 1295 2808 1),

294 2851 389 2935 plura
410 2849 526 2915 itinera
543 2848 657 2913 fecisse
676 2858 707 2912 et
721 2847 835 2913 iterati
847 2848 918 2912 vice
938 2847 971 2909 in
989 2845 1127 2929 patriam
1139 2845 1294 2931 migrasse

295 2966 513 3044 existimetur,
535 2987 637 3029 unum
657 2964 810 3053 idemque
834 2961 1020 3029 habendum
1053 2973 1101 3026 est
1125 2961 1208 3039 iter,
1230 2981 1296 3048 quo

294 3083 405 3169 paullo
416 3095 490 3148 ante
497 3083 549 3148 XL
559 3104 680 3148 annum
689 3083 801 3148 aetatis
809 3083 945 3169 patriam
954 3101 1042 3145 suam
1053 3079 1162 3146 invisit
1175 3079 1296 3169 (Somn.

294 3203 330 3271 ll.
348 3199 414 3289 ll),
441 3214 472 3268 et
492 3203 624 3292 quidem
650 3202 710 3266 sub
735 3201 855 3265 exitum
878 3197 1021 3264 Parthici
1042 3197 1121 3264 belli
1132 3221 1161 3263 a.
1174 3194 1296 3263 CLXIV

298 3324 427 3413 (Quom.
445 3323 526 3389 Hist.
546 3323 676 3390 Conscr.
703 3315 814 3406 ll.ll.),
838 3317 933 3383 rediit
953 3327 1060 3382 autem
1074 3314 1190 3381 comite
1205 3322 1297 3397 patro

298 3440 481 3528 (Alexandr.
514 3441 550 3507 tl.
582 3438 654 3526 lt),
683 3448 716 3502 et
750 3436 784 3501 in
810 3435 979 3504 Graeciam
1015 3433 1115 3498 redux
1149 3431 1211 3495 fuit
1244 3427 1299 3518 (de

294 3559 394 3623 ldorte
424 3560 556 3645 Peregr.
591 3557 626 3624 ll.
658 3556 709 3643 ll.)
743 3556 795 3622 01.
828 3553 1033 3630 CCXXXVI,
1059 3554 1095 3630 1,
1122 3571 1151 3614 a.
1178 3569 1211 3633 p.
1235 3544 1300 3613 chr

295 3677 412 3745 CLXV.
437 3679 463 3742 E
485 3676 604 3764 quibus
627 3675 753 3739 collatis
770 3672 850 3738 locis
865 3671 1076 3758 probabiliter
1091 3665 1298 3733 constituitur

295 3816 397 3858 annus
417 3793 551 3858 Luciani
573 3793 706 3871 natalis,
728 3811 757 3858 a.
780 3813 813 3876 p.
834 3788 908 3858 chr.
932 3787 1055 3856 CXXV.

341 4032 401 4096 Ad
407 4056 493 4121 pag.
511 4032 664 4096 Discert.
681 4031 742 4110 43,
755 4033 787 4096 2.
800 4028 883 4098 Vide
895 4051 965 4096 eam
983 4027 1167 4114 opinionem
1183 4023 1298 4110 passim

295 4151 379 4232 opud
400 4152 434 4216 C.
454 4153 493 4217 G.
517 4151 690 4229 iacobum,
711 4149 745 4213 in
761 4146 906 4216 Charact.
930 4147 985 4213 des
1004 4145 1159 4223 Luciam,
1186 4143 1217 4206 S.
1240 4143 1300 4206 31:
