3160 5018
774 417 814 479 14

304 610 434 698 publica
456 609 643 675 constitutos
664 604 852 692 sophisticos
875 613 1044 690 suggestus
1071 602 1233 667 habebant
1263 611 1293 681 ¹,

298 741 329 794 et
357 740 422 794 tam
453 725 633 792 rhetoribus
672 747 770 814 quam
802 721 1000 810 pbilosophis
1030 743 1087 808 per
1117 721 1296 807 provincias

293 846 433 912 honores
454 857 485 910 et
500 844 613 910 salaria
656 842 883 908 deferebantur
896 851 919 906 ¹.
943 839 1091 927 Denique
1113 839 1147 904 in
1167 840 1297 928 quibus·

292 985 356 1053 que
378 964 446 1026 lere
472 960 703 1026 celebrioribus
745 958 879 1024 urbibus
904 956 1064 1044 sophistae
1094 955 1297 1045 eloquentiae

292 1081 385 1147 ludos
396 1079 568 1158 habebant,
582 1090 615 1143 et
631 1077 732 1144 varias
770 1076 915 1164 regiones
927 1074 1153 1161 perlustrantes
1167 1072 1297 1138 dicendi

291 1198 504 1263 instituebant
521 1196 695 1260 certamina
720 1196 768 1260 vel
780 1195 990 1284 panegyricas
1004 1193 1162 1259 orationes
1189 1191 1296 1257 decla-

292 1317 433 1381 mabant.
464 1313 641 1378 Literarum
658 1311 738 1376 adeo
760 1312 810 1376 illi
826 1312 924 1378 aetati
939 1311 1075 1376 maxime
1089 1312 1294 1398 propriarum

294 1432 423 1498 omnino
441 1451 539 1516 penos
563 1429 718 1514 sophistas
745 1430 947 1516 principatus
971 1430 1033 1495 fnit
1055 1435 1077 1494 ⁸.

718 1703 881 1724 ...σφ’--

766 1916 849 2002 ΠΙ.

531 2151 570 2199 ΒΕ
589 2151 719 2201 tactam
740 2152 860 2202 stultns
878 2153 1073 2206 SOPHISTICIS.

343 2362 500 2446 Explicith
526 2361 738 2446 sophistarum
759 2367 880 2433 ratione
906 2381 937 2434 et
969 2372 1180 2462 auctoritate,
1203 2375 1300 2438 intel-

298 2480 429 2567 ligimus
458 2502 550 2560 sane,
576 2479 724 2546 debuisse
751 2495 863 2569 sponte
892 2509 928 2551 eo
960 2499 1104 2574 tempore
1131 2491 1166 2556 in
1187 2513 1297 2557 eorum

299 2599 367 2662 fere
383 2608 486 2663 castra
508 2619 541 2662 se
559 2599 703 2685 recipere
724 2623 848 2682 omnes,
865 2605 923 2689 qui
944 2607 1159 2674 venustiorem
1175 2608 1299 2697 ingenii

300 2716 424 2780 cultum
456 2727 652 2800 expeterent.
687 2719 863 2784 Lucianum
895 2723 1063 2807 inprimis
1085 2723 1201 2789 humili
1227 2726 1299 2792 loco

299 2845 406 2898 ortum
427 2855 492 2899 non
512 2846 637 2920 poterat
654 2859 720 2902 non
736 2837 797 2903 ista
817 2839 898 2905 ratio
916 2839 1122 2906 uehementer
1145 2842 1299 2922 allicere,

300 2971 402 3036 quum
421 2949 705 3033 animadverteret,
730 2955 818 3040 quod
843 2979 901 3042 per
918 2959 1099 3027 irrisionem
1123 2961 1299 3048 aliquando

333 3201 511 3264 ¹Sophiaticam
535 3201 626 3264 quidem
647 3199 778 3248 cathedram
799 3201 849 3263 jam
872 3203 915 3250 sub
940 3206 996 3253 Ant,
1015 3205 1058 3256 Pio
1070 3205 1168 3258 Athenis
1180 3207 1296 3273 fuisac‚a

300 3289 378 3336 Marco
391 3303 446 3334 raro
458 3295 481 3336 et
492 3286 547 3334 huie
561 3294 583 3333 et
596 3285 649 3334 aliis
663 3301 765 3332 annuum
782 3285 923 3346 stipendium
936 3288 1086 3338 constitutum
1099 3306 1148 3338 esse
1161 3292 1257 3340 efficitur
1268 3309 1297 3340 ex

300 3373 410 3421 Philostr.
425 3371 455 3424 V.
471 3371 495 3418 S.
512 3372 530 3419 l.
540 3368 616 3432 1‚23‚
631 3367 685 3435 pl,
702 3386 725 3432 p.
734 3367 800 3432 526,
816 3370 959 3436 et1r11‚2,
976 3390 997 3434 p.
1010 3372 1069 3423 566.
1086 3375 1141 3424 coll.
1150 3376 1295 3426 DionisExc.

299 3455 391 3516 Xiphil.
406 3455 424 3505 l.
440 3452 528 3514 LXXI,
539 3471 560 3502 c.
575 3451 618 3501 31.
637 3453 705 3500 conf.
721 3453 784 3502 laud.
806 3463 867 3502 auct.
881 3457 941 3517 apud
953 3457 1078 3506 Westerm.
1094 3459 1177 3507 Gescb.
1196 3460 1236 3507 der
1251 3461 1293 3510 lle·

298 3541 368 3588 redts.
389 3538 432 3586 Th.
453 3537 475 3591 Ι.
496 3537 520 3585 S.
542 3535 608 3598 200,
626 3545 676 3583 not.
699 3534 723 3584 3.
749 3538 835 3585 Romae
856 3551 932 3588 autem
945 3542 987 3602 qui
1003 3543 1150 3603 sophisticam
1165 3541 1294 3592 cathedram

298 3624 358 3684 (τὸν
370 3620 423 3671 ἄνω
437 3620 549 3690 θρόνον)
563 3621 716 3681 obtinebant,
730 3621 755 3668 in
766 3623 874 3671 instituto
890 3627 925 3690 ab·
938 3625 1056 3674 Hadriano
1070 3625 1189 3676 Athenaeo
1204 3625 1295 3694 (Aurel.

300 3709 364 3758 vict.
381 3707 446 3760 Caes.
467 3706 537 3769 xlv,
557 3705 582 3773 l)
604 3706 772 3755 declamabant.
798 3707 852 3756 vid.
872 3708 983 3763 Philostr.
1001 3707 1197 3776 1.11,10,p5.
1215 3711 1293 3765 Olear.

300 3794 355 3841 adu.
370 3807 393 3853 p.
408 3789 473 3852 589,
489 3787 513 3837 8.

332 3896 341 3924 ⁸
360 3887 408 3936 Iul.
425 3889 523 3950 Capitol.
540 3888 565 3936 in
578 3889 667 3937 Anton.
684 3887 734 3936 Pio.
750 3903 770 3936 c.
785 3885 825 3936 ll·
850 3887 933 3938 Noster
945 3905 1036 3952 quoque
1049 3888 1167 3957 δημοσίᾳ
1178 3894 1204 3942 in
1216 3893 1295 3942 Gallia

293 3974 411 4035 sophistae
424 3989 517 4022 munere
532 3975 629 4036 fungens
643 3973 768 4021 mercedem
780 3972 860 4020 traxit.
881 3973 926 4020 Pro
938 3973 1007 4022 Mero.
1027 3974 1101 4024 Cond.
1115 3992 1136 4023 ο.
1152 3974 1191 4026 15.

329 4074 341 4108 ³
359 4065 495 4130 Rhetorica,
504 4068 565 4130 apud
577 4067 673 4116 bucian.
683 4067 722 4116 Bia
730 4065 816 4115 Ancus.
826 4084 846 4114 e.
858 4065 899 4116 29.
913 4066 964 4116 νῦν
975 4065 1060 4118 ὁπότε
1073 4067 1156 4134 μόνην
1167 4065 1212 4128 ἐμὲ
1220 4071 1295 4120 θαυ-

293 4149 406 4215 μάζουσι
420 4151 465 4200 καὶ
480 4150 671 4219 ἐπιγράφονται
686 4150 804 4208 ἅπαντας
817 4151 965 4219 προστάτιν
979 4149 1092 4202 ἑαυτῶν.
