3160 5018
688 519 792 530 ...n-.-

234 714 295 757 uec
308 696 423 756 taurea
445 689 505 749 out
528 681 627 750 iltius
648 679 851 746 memoriam
865 675 1023 744 deseram
1038 728 1045 756 ‚
1062 685 1123 746 aut
1144 677 1237 745 itaut

238 817 426 885 literarum
456 811 707 903 honestatisque
729 807 898 884 studium,
925 806 973 873 oct
995 807 1086 902 quod
1108 808 1150 874 ab
1172 807 1233 874 itta

239 949 449 1042 informatus
468 964 553 1008 sum.

294 1077 392 1140 Hunc
405 1065 624 1145 Tuamabas,
647 1062 854 1136 Clarissimo
873 1080 957 1132 VAN
974 1058 1236 1138 Govooarffle,

241 1202 345 1295 baq‘us
374 1223 442 1266 uou
467 1204 596 1266 tautum
632 1194 791 1264 alumnus
822 1200 855 1262 et
883 1194 994 1260 socius
1013 1191 1105 1260 idem
1130 1215 1233 1268 eras,

242 1357 362 1404 oerum
395 1335 433 1399 iu
466 1324 718 1422 discipulorum
752 1328 859 1395 ctiam
892 1346 1009 1390 amore
1034 1345 1151 1389 comcs.
1189 1319 1236 1388 Iu

241 1469 352 1531 morte
388 1483 515 1555 quoque
547 1456 646 1526 iltius
664 1454 822 1552 firmabo
852 1449 928 1522 Tuo
950 1453 1065 1518 uirtus
1088 1451 1211 1518 enituit
1224 1474 1235 1528 ,·

240 1614 322 1660 uam
346 1591 405 1684 qui
429 1587 541 1655 luctus
565 1580 647 1654 Tibi
669 1584 895 1680 injiciebatur
911 1635 919 1663 ,
936 1581 1079 1652 euudem
1094 1581 1133 1646 ia
1152 1578 1235 1646 abiis

240 1721 407 1811 mitiqore
430 1714 599 1784 studebas.
630 1713 807 1811 Equidem
819 1740 901 1784 saue
913 1724 1011 1784 touta
1027 1710 1109 1783 Tibi
1121 1711 1234 1787 debeo,

239 1855 279 1916 ut
299 1849 406 1916 uotim
414 1847 565 1940 frustra
585 1848 625 1914 ia
646 1847 846 1915 disserendo
859 1871 1002 1942 operam
1021 1866 1237 1912 consumere:

241 1974 333 2042 uasti
369 1973 523 2040 ouimum
557 1995 687 2051 meum,
723 1995 785 2067 eqo
816 1996 900 2041 uero
931 1995 1058 2067 quoquo
1082 1973 1183 2045 aovi,
1205 1976 1238 2036 ct

242 2101 401 2196 iutelligo
418 2152 426 2180 ,
441 2125 514 2197 per
540 2106 647 2169 totam
669 2105 794 2178 uitam,
831 2124 1036 2196 quamquam
1059 2122 1126 2166 uoa
1152 2095 1237 2165 Tuis

241 2233 379 2298 meritis
397 2237 682 2324 peremturum
702 2232 948 2322 gratissimum
965 2232 1055 2320 fore.

293 2355 452 2452 Reliquis
490 2382 617 2452 quoque
658 2355 955 2454 Praeceptoribus
979 2382 1053 2453 qoro
1090 2360 1237 2452 egregia

243 2491 458 2559 iustitutioue
482 2489 657 2556 morimas
683 2491 829 2583 gratias
853 2512 920 2583 ogo
933 2513 944 2555 .·
974 2485 1135 2556 Vestram
1155 2508 1237 2554 oero

243 2629 358 2689 tacere
368 2643 432 2686 uon
438 2641 582 2712 possum
595 2617 861 2702 humanitatem,
877 2615 1079 2687 Clarissimi
1090 2614 1236 2685 Scbroe-

244 2749 309 2816 der
327 2754 359 2816 et
384 2744 598 2839 Royoarcbs!
627 2743 696 2837 Qui
720 2746 883 2815 doctriua
904 2743 1238 2836 atootautatcogre·

238 2877 298 2970 qie
310 2873 401 2943 mibi
413 2874 606 2969 profuistis
613 2900 626 2953 ,·
637 2877 766 2943 merita
780 2881 897 2943 oestro
909 2898 976 2942 aaa
989 2870 1187 2940 obtiviscar.

299 3001 612 3084 Commititoaibus,
625 3005 822 3099 quibuscum
834 3004 949 3074 adbuc
962 3002 1238 3096 conjunctissime

242 3135 341 3212 viai,
367 3134 570 3228 contingant
593 3135 735 3229 quaeris
760 3135 913 3228 optima,
944 3136 1147 3222 moneatque
1168 3126 1234 3194 illa

243 3287 330 3358 quac
355 3265 431 3332 uita
456 3263 556 3332 titubet
586 3267 743 3334 marimo
773 3272 806 3332 et
831 3266 1016 3333 uerissima
1037 3261 1229 3358 praesidia

243 3396 438 3462 animorum
460 3397 663 3488 conjunctio.
