3160 5018
764 447 802 512 19

279 624 463 690 minaeum
491 627 724 713 appellaverint
753 625 943 689 adversarii:
973 644 1057 708 quae
1102 645 1204 710 quum
1231 625 1275 690 ita

277 741 360 822 sint,
386 764 496 810 caussa
513 744 548 807 ni
567 744 661 808 fallor
682 743 716 808 in
734 754 845 828 aperto
864 751 932 820 est,
957 761 1015 805 cur
1043 741 1077 804 in
1089 763 1126 806 eo
1144 741 1273 831 dialogo

279 861 478 944 potissimum
491 861 686 926 caussidicus
697 860 830 947 quidam
839 859 1000 923 Lucienus
1012 858 1113 923 sideri
1125 860 1275 928 voluerit.

323 978 373 1043 Ab
393 980 431 1042 iis
454 991 576 1060 autem,
601 978 659 1064 qui
682 989 844 1056 statuunt,
862 978 1039 1044 Lucianum
1060 989 1129 1042 tum
1143 977 1275 1042 demum

280 1093 452 1180 sophistam
473 1096 595 1160 lactum
612 1117 697 1174 esse,
713 1116 831 1180 quum,
845 1107 978 1180 propter
997 1095 1095 1168 malas
1111 1105 1273 1161 oratorum

279 1225 382 1291 artes,
399 1214 526 1298 juvenis
543 1213 667 1298 judicia
687 1213 887 1298 reliquisset,
910 1211 1125 1278 Parrhesiadis
1145 1213 1180 1276 in
1192 1209 1275 1276 Pie-

278 1339 393 1394 cotore
410 1330 558 1420 apologia
579 1329 705 1397 laudari
722 1331 803 1395 solet
823 1345 846 1395 1.
875 1331 976 1395 Locus
994 1329 1190 1416 quidemhic
1205 1341 1272 1396 est:

277 1451 340 1530 ἐγὼ
367 1454 428 1536 γὰρ
461 1451 570 1533 ἐπειδὴ
602 1457 740 1537 τάχιστα
769 1450 920 1526 &ursides
947 1453 1050 1516 ὁπόσα
1079 1457 1147 1524 τοῖς
1176 1451 1273 1535 ῥητο-

276 1573 401 1654 ρενσνσι
436 1573 477 1634 τὰ
517 1569 652 1654 δυσχερῆ
692 1569 875 1646 α’ναγκαῖσν
914 1575 1101 1652 προσεῖναι,
1141 1567 1273 1651 α’πάτην

277 1692 335 1750 κατ’
352 1686 473 1770 ψεῦδος
494 1688 552 1750 καί
569 1689 760 1770 θρασύτητα
780 1686 838 1748 καὶ
856 1687 937 1770 βοὴν
957 1686 1015 1749 καὶ
1032 1684 1197 1767 ὠθισμονς
1216 1687 1274 1748 καὶ

275 1805 376 1889 μυρία
400 1802 505 1884 ἄλλα,
535 1809 640 1868 ταῦτα
664 1806 747 1886 μὲν,
769 1801 874 1886 ὥσπερ
895 1806 978 1875 εἰκὸς
997 1799 1038 1883 ἦν
1051 1852 1061 1883 ,
1082 1802 1271 1884 ἀπέφυγον,

278 1924 333 1985 ἐπὶ
362 1920 397 1985 δὲ
427 1925 468 1984 τὰ
498 1922 556 2000 σὰ,
584 1913 609 1986 ὦ
645 1917 848 2001 Φιλοσοφία,
876 1917 961 1983 καλὰ
992 1923 1130 2004 ὁρμήσας
1157 1918 1272 2000 ἠξίουν

276 2040 396 2103 ὁπόσον
416 2038 465 2102 ἔτι
483 2062 537 2120 μοι
559 2034 675 2103 λοιπὸν
695 2042 750 2102 τοῦ
771 2038 846 2123 βίον
866 2042 1016 2120 καθάπερ
1038 2039 1072 2101 ἐν
1094 2033 1192 2118 ζάλης
1216 2039 1274 2099 saal

278 2154 442 2230 κλύδωνος
466 2160 498 2230 ἐς
519 2157 627 2223 εὔδιὸν
648 2182 725 2222 τινα
745 2155 863 2239 λιμένα
882 2161 1021 2231 σπεύσας
1039 2159 1103 2222 ὑπὸ
1129 2164 1180 2225 σοι’
1199 2184 1275 2227 σκε-

274 2278 413 2357 πόμενος
434 2277 640 2363 καταβιῶναι
659 2285 682 2337 2.
707 2273 908 2338 Manifestum
933 2295 1008 2338 vero
1028 2274 1175 2358 videtur,
1206 2301 1272 2344 non

275 2395 331 2460 hle
366 2393 507 2479 aliquam
542 2392 742 2477 juvenilem,
775 2415 793 2456 a
825 2393 946 2456 lorensi
978 2392 1020 2458 ad
1049 2393 1271 2463 scholasticam

275 2511 512 2598 eloquentiam,
535 2510 754 2575 transitionem
781 2509 976 2595 significari3
1003 2510 1059 2575 sed
1081 2532 1166 2592 eam,
1185 2533 1268 2598 qua,

275 2631 387 2699 relictis
431 2630 561 2696 omnino
599 2630 755 2714 utrique,
796 2626 837 2692 ad
871 2625 1132 2713 philosophicum
1167 2630 1269 2693 otium

276 2761 308 2813 et
341 2770 460 2814 novum
498 2745 661 2812 scribendi
697 2767 797 2834 genus
833 2767 866 2809 se
899 2756 1100 2810 converteret
1131 2747 1155 2812 ³.
1187 2746 1269 2811 Novi

274 2869 360 2933 enim
385 2865 548 2933 scribendi
571 2865 719 2953 generis,
740 2875 777 2928 ut
803 2865 837 2928 in
857 2862 925 2928 Bis
944 2860 1115 2928 decusato
1136 2865 1268 2951 propria

269 2987 393 3064 forma,
411 2986 456 3050 ita
471 2985 506 3048 in
529 2983 713 3048 Piscatore
728 2982 903 3066 praecipua
917 2980 1115 3066 disceptatur
1137 2995 1268 3048 senten·

273 3105 327 3170 tia.
360 3105 468 3172 Verbo
496 3107 722 3190 ῥητορεύοντα,1
742 3113 807 3167 tam
833 3099 1005 3186 sophistas,
1041 3099 1117 3187 quia
1135 3101 1266 3185 publico

268 3222 507 3298 declamabant,
530 3240 627 3308 quam
638 3241 823 3284 caussarum
841 3229 981 3282 oratores
994 3215 1267 3301 comprehendere

268 3339 384 3427 potuit.
409 3338 577 3404 Rationem
595 3347 809 3423 utrorumque
820 3334 940 3420 pariter
964 3354 1038 3396 cum
1053 3334 1261 3419 deceptione,

301 3653 311 3690 ¹
330 3657 391 3706 God.
411 3658 515 3705 Wetzlsr
525 3691 532 3718 ,
543 3658 631 3704 (lenm.
644 3658 672 3704 de
684 3661 736 3710 Aet.
751 3656 806 3707 vtta
821 3655 938 3718 Scriptisq.
954 3653 1009 3708 Luc.
1026 3649 1223 3714 llarhurg183l‚
1240 3667 1263 3710 p.

263 3736 305 3786 29.
322 3737 348 3786 F.
364 3740 394 3790 G.
404 3739 519 3800 Schoene,
529 3741 587 3790 Luc.
599 3739 692 3788 Trsnm.
704 3756 729 3789 u.
745 3756 766 3786 a.
780 3737 847 3786 llalle
861 3736 934 3799 1838,
955 3737 979 3783 S.
988 3736 1013 3784 5.
1028 3735 1131 3796 Respicit
1141 3751 1190 3782 eam
1199 3733 1264 3780 Wie-

262 3822 335 3884 land,
350 3819 392 3870 Th.
407 3822 532 3884 1‚s.vss.
550 3825 586 3874 Ab
600 3825 734 3874 Hermanno
748 3833 822 3870 autem
838 3823 862 3870 in
880 3823 976 3870 eandem
997 3821 1133 3869 sententiam
1151 3818 1263 3877 accipitur

263 3905 302 3953 llis
316 3909 372 3958 Ace.
388 3920 409 3956 e.
425 3902 467 3962 323
490 3907 550 3960 Piso.
563 3925 584 3962 c.
600 3908 642 3960 25.
654 3910 754 3972 Allgem.
770 3907 861 3958 Schulr.
882 3905 963 3968 1832,
979 3905 1002 3958 S.
1021 3904 1080 3955 806.

297 4019 308 4046 2
329 4004 414 4059 Piscat.
431 4024 451 4059 c.
467 4005 510 4060 29.

297 4121 309 4153 ³
331 4123 358 4171 ld
370 4123 431 4185 qnod
444 4133 561 4184 praeterea
573 4135 668 4187 apparet
682 4128 738 4174 coll.
754 4125 814 4173 Piso.
828 4141 854 4189 Ισ.
867 4121 900 4171 25
915 4138 966 4168 eum
981 4119 1018 4168 Bis
1032 4118 1087 4166 Ace.
1103 4133 1124 4170 e,
1139 4112 1171 4166 27
1183 4124 1205 4164 nt
1218 4115 1260 4164 32.
