3160 5018
758 451 800 513 82

747 647 802 714 tv.

312 885 480 968 Perpcram
502 905 519 945 e
539 884 670 949 Luciani
692 883 835 968 Dialogis
860 882 1058 945 Mortuorum
1080 880 1270 966 colligitur,

268 1023 341 1064 eum
362 1001 507 1064 statuisse
525 1002 647 1065 animos
672 1021 739 1063 csse
761 997 968 1063 immortales.

753 1263 792 1330 V.

324 1469 501 1531 llrarnatica
530 1479 636 1531 autem
663 1468 891 1555 forma'magis
918 1469 951 1530 in
972 1467 1010 1531 iis
1032 1468 1203 1552 composita
1226 1481 1271 1531 est

277 1583 317 1648 ad
338 1583 550 1649 humanarum
577 1606 684 1648 rcrum
708 1587 878 1651 vanitatem
899 1582 1149 1671 cuplodendam,
1170 1604 1266 1670 quam

276 1699 316 1762 ad
336 1699 489 1765 notandas
511 1701 636 1764 labulas
657 1701 845 1765 inferorum.

748 1967 803 2034 Vl.

321 2173 460 2254 Quintus
488 2172 616 2249 Cicero,
648 2184 717 2257 post
738 2193 880 2258 pugnam
908 2169 1130 2235 Pharsalicam
1149 2180 1181 2234 et
1203 2171 1276 2234 reli-

276 2300 343 2352 ctos
365 2313 383 2353 a
407 2291 512 2354 Marco
531 2290 685 2354 Cicerone
703 2287 928 2373 Pompeianos,
963 2289 1110 2373 improbis
1142 2289 1276 2374 quidem

275 2409 307 2468 iu
334 2408 466 2470 fratrem
495 2428 570 2468 usus
593 2418 641 2470 est
660 2406 851 2484 acerbitate,
875 2419 1096 2471 verumtamen
1119 2418 1151 2470 et
1172 2405 1276 2488 justas

280 2522 462 2588 ollcnsionis
482 2545 607 2588 caussas
630 2522 763 2602 habuit,
786 2543 893 2610 neque
916 2525 949 2588 id
975 2525 1076 2612 egisse
1097 2525 1278 2590 censendus

279 2653 346 2719 cst,
374 2654 411 2706 ut
439 2663 514 2706 cum
541 2642 646 2706 fratris
676 2643 724 2706 sni
746 2642 893 2726 periculo
921 2644 1068 2728 propriae
1091 2641 1178 2728 apud
1199 2643 1279 2707 Cae-

280 2781 380 2824 sarem
405 2761 500 2825 saluti
523 2761 730 2846 prospiceret.

749 3025 819 3092 Vll.

324 3235 456 3309 Cicero,
480 3233 536 3296 ubi
555 3233 589 3295 in
610 3232 763 3297 Oratione
782 3253 840 3317 pro
867 3231 1015 3312 Murena,
1036 3255 1064 3297 c.
1084 3234 1189 3297 XXlX
1208 3254 1278 3321 sqq.

281 3351 408 3413 Stoicae
428 3349 556 3413 Catonis
579 3349 738 3414 severitati
760 3347 889 3426 illudit,
912 3371 948 3414 ea
974 3349 1169 3435 potissimum
1182 3348 1278 3426 dicit,

282 3489 365 3552 quae
393 3490 502 3554 reapse
523 3479 553 3531 et
571 3467 647 3550 juro
670 3467 703 3530 in
729 3469 848 3533 Catone
867 3466 1080 3553 improbabat.

745 3733 832 3800 Vlll.

325 3939 455 4014 Cicero,
480 3951 515 4003 ut
537 3941 571 4004 in
587 3939 783 4026 pbilosophis
803 3942 930 4028 scriptis
951 3942 1176 4009 Academicum
1192 3944 1281 4008 illam

282 4057 541 4140 probabilitatem
550 4059 765 4144 profiteretur,
775 4082 840 4125 non
852 4073 916 4127 tam
926 4063 1278 4130 Carneadisrationibus

282 4175 399 4240 (luctus
422 4177 503 4256 luit,
532 4198 629 4262 quam
653 4187 781 4244 coactus
803 4179 1059 4268 discrepantibus
1082 4181 1283 4249 Graecorum
