3160 5018
774 437 814 498 49

296 634 383 720 opud
401 633 560 698 Romanos
575 629 779 708 lecissonartis
807 647 883 691 suae
912 629 1198 698 commendandae.
1218 633 1303 698 Tum
1325 573 1501 752 mihs·

297 762 353 814 uut
379 748 475 815 fallor
502 747 728 826 vehementer,
757 758 814 809 aut
842 756 873 809 ct
896 744 1123 832 disputationis
1150 773 1248 815 nexus
1270 765 1302 815 ct
1389 775 1449 798 v

296 871 360 934 loci
380 868 509 934 habitus
528 870 562 933 in
583 866 781 932 Hermotimo
806 867 871 930 sive
893 865 1021 954 dialogo
1043 868 1083 932 de
1103 869 1204 933 Sectis
1226 890 1301 954 pos-

297 988 396 1063 tulat,
414 999 455 1051 ut·
472 987 541 1052 illic
555 988 697 1072 aliquem
714 983 937 1070 philosophiae
949 985 989 1050 de
1009 985 1118 1052 schold
1139 988 1302 1053 doctorem

296 1105 494 1192 cogitemus,
517 1105 608 1191 quali
629 1103 766 1167 maxime
785 1102 899 1166 infelix
928 1105 1143 1168 Hermotimus
1170 1129 1302 1191 praece-

295 1233 387 1307 ptore
406 1222 568 1288 utebatur.
593 1221 745 1306 Nigrinus
763 1230 893 1300 contra,
913 1221 972 1285 etsi
991 1223 1174 1287 Platonicus
1188 1234 1210 1304 ¹,
1228 1246 1301 1310 pra-

296 1339 412 1402 cticam
430 1339 631 1424 potissimum
648 1339 819 1425 profitetur
844 1335 1105 1424 philosophiam²
1135 1352 1167 1406 et
1186 1363 1238 1406 eas
1259 1343 1300 1407 de

296 1456 358 1518 rita
382 1467 414 1520 ct
433 1457 577 1522 moribus
601 1457 772 1521 sententias
794 1457 952 1541 explicat,
978 1479 1058 1544 quas
1079 1459 1298 1525 efficacissime

293 1573 398 1656 ipsum
426 1575 604 1640 Luciartum
632 1574 768 1639 satiricis
792 1574 857 1637 suis
888 1576 1017 1661 scriptis
1042 1576 1077 1641 in
1109 1578 1215 1642 lucem
1242 1601 1299 1664 po-

293 1691 393 1756 suisse
414 1692 602 1758 videbimus
628 1690 819 1755 Praetereo
838 1691 1017 1772 Lucienus,
1045 1694 1106 1757 nisi
1127 1694 1298 1760 admodum
1326 1672 1433 1777 sm,
1440 1660 1501 1770 ds

292 1809 401 1873 servili
431 1810 555 1874 ratione
583 1809 681 1874 unice
707 1810 741 1874 in
770 1810 876 1873 aliena
896 1807 1020 1874 verba
1005 1813 1165 1893 Jurarerit
1178 1811 1316 1912 ,Ιιιιιιοἱ
1319 1795 1482 1926 „stilum
1446 1875 1482 1924 W
1479 1833 1540 1940 νζ,

292 1925 413 1991 librum
430 1937 499 1990 tum
519 1926 650 1992 demum
665 1926 807 1991 scribere
824 1928 949 2011 potuit,
966 1949 1067 2014 quum
1079 1927 1147 2013 jam
1165 1929 1244 1993 alias
1261 1953 1343 2012 oc(

292 2047 414 2111 diutius
434 2049 555 2113 Romae
575 2058 715 2112 versatus
728 2048 844 2111 luerat
869 2048 913 2112 Ea
935 2047 1021 2111 enim
1039 2047 1298 2132 opportunitate,
1323 1964 1527 2172 Wd
1467 2067 1506 2110 1
1523 2095 1539 2110 .-

294 2185 358 2250 qua
386 2187 419 2228 se
446 2165 657 2252 Nigrinum
648 2165 794 2229 mrisisse
827 2164 925 2245 dicit,
961 2165 1149 2230 brevissimo
1176 2137 1411 2229 tantumll

291 2295 435 2369 tempore
452 2283 521 2348 illic
544 2295 684 2348 moratus
699 2296 756 2350 est.
782 2284 816 2348 ln
837 2285 951 2349 urbem
972 2307 1005 2348 se
1026 2285 1208 2350 contulerat
1233 2308 1297 2350 uon

289 2403 328 2468 ad
349 2402 542 2467 rhetoricam
557 2413 658 2468 artem
680 2402 908 2482 exercendam,
923 2403 977 2467 sed
995 2414 1031 2467 ut
1050 2404 1220 2469 oculorum
1230 2428 1297 2469 rne-

290 2521 400 2584 ‹licum
422 2520 484 2584 sibi
506 2519 917 2603 circumspiecrct³etmox
931 2520 1046 2605 inipso
1062 2520 1184 2606 dialogi
1201 2522 1298 2585 initio

286 2634 355 2717 jam
369 2635 444 2700 inde
463 2657 608 2698 reversus
627 2645 771 2718 apparet.
796 2635 898 2699 Mores
916 2646 1024 2700 autem
1042 2645 1074 2700 et
1089 2636 1297 2701 domesticam

289 2755 386 2818 vitam
406 2755 625 2818 Romanorum
644 2773 681 2816 ex
705 2773 840 2836 persona
865 2753 993 2840 Nigrini
1015 2775 1052 2818 eo
1070 2753 1165 2819 modo
1187 2763 1298 2840 notat,

288 2891 354 2956 quo
377 2893 419 2935 ne
440 2879 513 2955 post
536 2869 682 2934 auditum
703 2869 836 2955 quidem
853 2870 996 2934 alienum
1017 2891 1194 2935 sermonem
1230 2869 1301 2935 fieri

287 2987 321 3052 id
350 2989 493 3073 potuerit
519 2988 560 3052 ab
590 2986 721 3051 homine
752 2989 810 3074 qui
835 2989 968 3051 Romam
994 2999 1063 3054 turn
1094 2989 1234 3073 primum
1266 3001 1297 3052 et

287 3104 407 3168 cursim
429 3103 570 3169 vidisset.

332 3386 520 3436 ¹lmmoderatus
537 3389 628 3450 quidem
645 3385 821 3450 philosophicus
848 3387 1040 3448 ἐνθουσιασμὸς
1052 3389 1076 3435 in
1096 3389 1150 3436 lihri
1164 3393 1257 3440 exordio
1270 3403 1294 3442 et

285 3471 330 3517 lino
345 3470 479 3532 affectatur,
491 3473 551 3519 unde
564 3473 717 3534 Schlosserus,
731 3473 756 3522 iu
771 3475 789 3522 1,
806 3473 849 3534 Op.
858 3489 881 3534 p.
893 3469 952 3520 222.
970 3473 1058 3520 «Diese
1072 3473 1157 3522 scuria
1168 3478 1288 3527 verbindet
1314 3501 1316 3508 ,

285 3553 328 3600 mit
346 3554 441 3603 bitterer
460 3555 541 3619 Satyro
568 3557 756 3607 schwdrmenden
775 3559 965 3606 Platonismus.»
993 3558 1037 3605 Sed
1053 3565 1288 3623 praeterquamquod

290 3633 361 3692 ipsius
374 3635 480 3699 Nigrini,
495 3639 571 3700 quiin
585 3641 647 3688 libro
658 3643 804 3702 reseruntur,
819 3657 935 3689 sermones
948 3643 977 3689 ab
992 3643 1105 3704 ejusmodi
1117 3644 1219 3691 fanatico
1233 3646 1292 3694 Ple-

285 3717 384 3765 too'umo
396 3721 465 3784 plane
480 3723 592 3771 immunes
606 3736 677 3786 sunt,
691 3725 760 3772 etiam
774 3726 835 3790 apud
848 3727 899 3788 ejus
911 3726 1036 3773 auditorem
1054 3727 1140 3790 dialogi
1159 3729 1234 3788 potius
1254 3746 1292 3778 eo‹

283 3801 505 3854 mico-rhetoricum
523 3818 644 3871 ornatum,
664 3827 733 3871 quern
752 3827 831 3859 rerum
848 3811 919 3858 enimi
932 3811 1036 3860 allectum
1055 3811 1080 3858 iu
1092 3828 1120 3861 eo
1137 3815 1291 3872 qrraerendurn

283 3887 429 3945 essepassim
443 3889 544 3940 dilucide
559 3902 665 3957 appetem
680 3894 728 3942 rid.
741 3911 777 3943 ex.
793 3912 814 3943 ιι
827 3896 845 3943 l
860 3896 877 3942 l.
894 3911 915 3943 c
929 3893 958 3957 l,
974 3895 1008 3957 5,
1025 3894 1058 3944 10
1067 3906 1090 3943 et
1103 3897 1154 3944 init.
1171 3892 1211 3944 12.

319 3995 330 4021 ²
341 3985 440 4114 6lligriu.
455 4003 475 4034 c
488 3986 536 4046 26,
553 4008 588 4053 sq
609 4009 630 4040 e.
649 3992 693 4049 19;
709 3997 771 4042 conl.
791 4012 841 4043 serr
834 3995 987 4058 Philosophi
1003 3996 1151 4064 κριτήριον,
1167 3997 1189 4043 io
1205 3997 1291 4046 Piscat.

284 4083 304 4112 c
326 4068 341 4115 d

327 4166 424 4229 ³ttigr.
438 4186 459 4216 o.
475 4167 547 4232 2,l.
