3160 5018
778 435 819 496 59

295 623 398 688 serbis
442 623 572 687 vetustis
613 634 644 686 et
690 622 916 712 contingendis
955 620 1106 688 inauditis
1134 627 1290 714 exquisite

295 740 426 806 dicendi
457 739 587 807 laudem
614 742 770 806 contineri
796 751 988 820 censerent,
1016 739 1195 824 subjectam
1225 765 1292 808 ma-

297 859 410 923 teriem
429 858 474 923 ita
499 858 602 922 solum
630 859 806 938 curabant,
834 860 881 924 ati
905 858 1041 924 maxime
1063 881 1099 924 ca
1125 859 1294 924 inserviret

296 976 424 1041 fucatae
441 987 502 1042 eta
516 988 646 1062 recepto
657 999 717 1042 usu
727 976 928 1042 abhorrentis
938 975 1087 1042 dictionis
1099 975 1293 1060 splendori¹.

297 1095 337 1158 In
358 1095 489 1181 egregie
511 1095 606 1158 etiam
626 1093 842 1180 disputatione
862 1093 902 1158 de
920 1093 1027 1170 modo,
1051 1116 1115 1181 qao
1129 1093 1294 1157 Historia

300 1209 550 1275 Conseribenda
566 1211 624 1291 sit,
647 1213 705 1277 etsi
724 1236 789 1278 non
811 1194 902 1298 'cpsos
915 1212 1117 1298 potissimum
1140 1209 1295 1296 sophistas

297 1349 465 1415 aggressus
489 1341 556 1408 est,
580 1351 617 1395 ea
634 1330 811 1397 identidem
831 1330 930 1395 refert
947 1379 955 1405 ,
972 1340 1004 1393 et
1018 1351 1092 1394 aera
1113 1350 1146 1393 se
1170 1330 1290 1394 referre

294 1458 470 1526 asseverat,
497 1446 799 1515 absurdissimarum
820 1446 1056 1512 rhetoricarum
1083 1446 1294 1532 scriptionum

293 1567 454 1651 exempla,
478 1566 597 1652 quibus
621 1567 717 1651 plane
740 1565 935 1651 perspicias,
954 1575 1108 1653 quantam
1127 1586 1194 1630 esse
1218 1585 1294 1628 cen-

293 1684 392 1747 suerit
413 1682 656 1766 perversitatem
675 1682 763 1746 illius
785 1685 966 1768 ῥητορείας,
982 1704 1065 1770 quae
1082 1682 1178 1748 etiam
1194 1681 1296 1746 histo-

293 1799 360 1863 riae
381 1797 518 1861 fundum
536 1809 601 1862 tam
621 1818 725 1881 paene
741 1797 930 1862 incredibili
950 1798 1023 1863 labe
1046 1797 1204 1863 infecerat
1216 1806 1239 1862 ².

340 1915 575 2001 Apervulgatis
590 1913 639 1978 his
654 1912 822 1980 rhetorum
834 1915 958 1980 artibus
970 1935 981 1971 ν
992 1913 1151 1980 diversam
1161 1935 1293 2000 prorsus

295 2032 391 2096 fuisse
415 2032 608 2118 disciplinae
629 2033 787 2099 rationem
805 2034 956 2113 affirmat,
979 2033 1297 2122 quamipsesecutus

296 2163 387 2216 esset.
402 2154 440 2216 In
455 2152 588 2241 reliquis
609 2135 799 2239 aequalium*
808 2150 922 2217 studiis
942 2153 1151 2241 moribusque
1162 2173 1296 2217 censen-

294 2268 363 2348 dis,
389 2268 601 2354 reprehensor
622 2271 724 2358 magis
745 2268 927 2354 pravitatis,
950 2291 1134 2356 quamvero
1156 2270 1296 2355 optimae

296 2387 424 2451 rationis
451 2387 690 2453 commendator
713 2399 745 2452 et
763 2401 956 2473 propagator
979 2389 1057 2452 fuit:
1078 2387 1130 2466 id,
1152 2387 1238 2476 quod
1252 2389 1296 2451 ita

293 2504 363 2568 fieri
384 2503 532 2569 debuisse
557 2505 716 2590 exipsius
745 2505 877 2592 ingenio
907 2515 1016 2590 postea
1043 2504 1291 2591 explicabimus,

293 2622 326 2685 in
354 2621 458 2686 literis
480 2643 555 2686 vero
577 2622 710 2707 propius
736 2644 773 2686 eo
796 2621 950 2701 accessit,
971 2633 1007 2686 ut
1028 2619 1123 2684 simul
1147 2642 1222 2685 cum
1246 2643 1296 2684 rc·

292 2737 388 2822 jectis
421 2739 489 2803 aeri
521 2740 570 2802 sui
601 2738 764 2803 erroribus
788 2739 869 2803 riam
899 2738 1105 2826 designaret,
1129 2761 1212 2827 quae
1234 2737 1295 2820 ipsi

295 2867 376 2922 esset
395 2856 541 2942 probata.
568 2855 769 2945 Φιλαρχαῒος
787 2857 823 2920 in
843 2857 881 2920 iis
905 2855 987 2934 fuit,
1013 2865 1050 2921 ut
1077 2856 1110 2920 in
1130 2867 1295 2940 praestan-

295 2975 431 3040 tioribus
459 2973 609 3060 sophistis
623 2984 698 3040 ante
719 2995 793 3038 enm
814 2973 911 3038 etiarn
933 2974 1096 3058 inprimis
1117 2973 1178 3037 Dio
1196 2971 1295 3059 Chry·
1382 3032 1385 3038 ,

298 3128 438 3136 -ι-ω--ι-

330 3216 339 3246 ¹
364 3222 458 3284 chiph.
472 3239 493 3270 c.
509 3219 549 3271 24.
564 3223 611 3270 καί
625 3225 680 3287 μὴν
693 3222 799 3273 κάκεῖνο
812 3221 844 3270 οὐ
857 3222 966 3291 μικρόν,
978 3221 1078 3282 μᾶλλον
1090 3220 1122 3273 δὲ
1134 3225 1167 3272 τὸ
1175 3223 1299 3287 μέγιστον

294 3304 471 3373 ἁμαρτάνεις,
481 3305 523 3354 ὅτι
539 3303 569 3353 ori
584 3305 716 3375 espicopus
730 3309 779 3363 τὰς
790 3305 912 3363 διανοίας
923 3305 978 3355 τῶν
991 3303 1086 3362 λέξεων
1096 3320 1302 3375 προπαρεσκειμ

297 3385 408 3447 αομὲνος
418 3383 515 3436 ἒπειτα
527 3393 705 3448 κατακοσμεῖς
714 3395 771 3445 τοῖς
790 3386 877 3452 ῥημας
896 3387 942 3435 καὶ
955 3393 1012 3443 τοῖς
1029 3385 1169 3446 ὀνόμασιν,
1183 3385 1252 3436 ἀλλὰ
1264 3387 1300 3452 ἦν

296 3485 348 3518 που
366 3467 440 3535 ῥῆμα
460 3467 573 3528 ίκφυλον
592 3469 673 3539 εὕρῃς
688 3470 706 3535 ἢ
726 3471 810 3529 αὐτὸς
824 3469 995 3530 πλασάμενος
1013 3472 1110 3536 οἰηθῇς
1122 3460 1192 3521 εἶναι
1203 3469 1302 3532 καλόν,

294 3553 383 3619 τούτῳ
404 3559 497 3621 ζητεῖς
509 3553 631 3604 διάνοιαν
643 3555 792 3622 ἰφαρμόσαο
804 3556 852 3606 καί
865 3557 966 3622 ζημίαν
979 3556 1048 3619 ἡγῇ,
1067 3554 1101 3604 ἂν
1115 3559 1152 3621 μὴ
1168 3557 1300 3625 παραβύ-

297 3650 343 3700 ope
356 3635 425 3687 αὐτό
439 3651 505 3698 που,
522 3637 571 3687 κᾶν
585 3637 624 3706 τῷ
636 3634 769 3706 λεγομένῳ
781 3635 847 3708 μηδ’
863 3637 1010 3704 ἀναγκαῖον
1021 3645 1047 3704 η.
1062 3641 1301 3704 Confdehocsophi-

297 3723 404 3772 sticarum
417 3725 535 3774 literarum
550 3725 743 3774 viriovitloisoni
758 3731 858 3791 prolegg.
873 3728 903 3774 ad
917 3727 988 3790 Icng.
1003 3727 1092 3778 Pastor.
1105 3743 1127 3786 p.
1138 3725 1237 3788 XXIII,
1248 3744 1300 3789 sqq.

329 3817 342 3846 ²
363 3821 431 3868 Coof.
445 3821 470 3868 in
484 3839 518 3883 pr.
535 3823 616 3886 Quom.
632 3823 690 3872 nist.
706 3825 800 3874 Censes.
814 3845 835 3874 ο.
851 3822 884 3872 26
897 3833 922 3874 et
937 3822 977 3885 43,
993 3834 1016 3872 et
1033 3823 1159 3871 hermanni
1171 3825 1299 3872 Commeat.

292 3923 316 3967 p.
331 3901 474 3966 100,162,
490 3903 548 3956 264.

325 3999 337 4036 ³
355 4003 447 4051 Prolixr
465 4004 493 4051 de
514 4003 642 4053 rhetoribus
655 4015 678 4053 et
693 4006 806 4056 rhetorica
822 4007 921 4056 Irrciani
940 4007 1022 4053 aetatis
1032 4005 1158 4067 disputavit
1168 4007 1230 4053 doct.
1245 4006 1296 4054 Cer¹

294 4089 377 4149 Georg.
399 4087 486 4150 Jacob,
509 4090 532 4136 in
554 4090 734 4138 Charaeteristik
756 4093 863 4140 Lucisne.
882 4091 905 4139 S.
922 4087 1052 4148 88-101,
1075 4090 1103 4136 ad
1122 4104 1189 4150 ipram
1204 4091 1301 4138 lectores

293 4172 432 4235 ablegamur.
