3160 5018
783 423 825 485 ot

301 617 387 703 apud
412 617 562 705 aequales
588 619 672 680 inter
698 617 782 701 ipsos
803 617 966 702 principes
989 615 1201 704 sophistarum
1226 641 1300 684 cen·

303 746 437 801 seretur.
469 733 700 814 Philostratus,
720 755 821 822 quum
847 733 958 819 paullo
983 746 1055 818 post
1076 736 1144 819 ejus
1163 747 1300 801 aetatem

301 849 518 935 sophistarum
547 851 626 914 ritas
651 849 828 928 scriberet,
852 871 892 913 ne
922 850 1020 914 verbo
1053 852 1185 936 quidem
1217 852 1304 924 illius

300 968 496 1034 mentionem
521 968 610 1032 fecit.
644 965 802 1031 Invidiam
822 965 954 1051 quidem
973 988 1032 1051 pro
1057 979 1145 1052 parte
1164 968 1303 1056 quadam

300 1082 396 1168 hujus
422 1085 540 1149 silentii
561 1091 706 1150 caussam
726 1085 845 1163 luisse,
869 1105 935 1148 non
956 1083 1095 1167 injuria,
1118 1097 1218 1171 puto,
1252 1107 1302 1151 vv.

300 1201 355 1268 dd.
374 1202 525 1288 suspicati
544 1205 654 1268 sunt¹.
689 1203 768 1266 Nam
800 1200 839 1265 de
869 1201 1008 1266 oratoria
1041 1202 1174 1266 Luciani
1206 1203 1302 1268 laude

301 1331 467 1407 utcunque
497 1318 553 1383 ille
584 1319 789 1396 existimarit,
823 1339 1000 1384 memorare
1022 1319 1135 1383 saltem
1169 1332 1301 1404 propter

300 1439 417 1522 scripta
437 1456 510 1500 cum
527 1435 658 1515 debuit,
686 1456 751 1499 non
769 1435 874 1498 minus
890 1457 921 1500 r.
940 1457 969 1500 c.
995 1456 1092 1523 quam
1103 1433 1293 1516 Aelianum,

300 1555 341 1618 de
374 1575 439 1641 quo
473 1552 603 1634 retulit,
635 1554 743 1639 ipsum
769 1553 922 1633 sensisse,
948 1576 981 1618 se
1009 1553 1299 1620 declamationibus

299 1672 404 1735 minus
433 1670 540 1736 valere
563 1681 595 1734 et
622 1692 692 1735 eam
717 1671 758 1736 ob
791 1692 935 1736 caussam
964 1671 1233 1737 adscribendum
1264 1695 1299 1735 se

300 1790 473 1854 contulisse
493 1799 518 1854 ².
548 1788 780 1856 Verumtamen
801 1810 947 1870 rursum,
968 1812 1052 1877 quae
1074 1789 1203 1875 abipso
1236 1790 1300 1853 Ln-

298 1908 392 1972 oiano
425 1907 466 1972 de
489 1928 643 1993 prospero
677 1906 746 1990 ejus
777 1908 812 1971 in
843 1917 912 1971 arte
941 1906 1119 1973 exercenda
1149 1927 1299 1973 successu

299 2026 501 2111 accepimus:
539 2026 573 2088 in
608 2024 714 2090 Gallia
740 2046 814 2088 cum
846 2024 943 2087 fuisse
977 2024 1010 2087 in
1043 2022 1211 2109 sophistis,
1243 2025 1301 2110 qui

298 2147 451 2210 maximas
468 2142 634 2207 mercedes
655 2142 789 2226 publice
811 2141 993 2219 traherent,
1018 2153 1050 2206 et
1065 2153 1140 2206 ante
1156 2142 1296 2227 quadra·

300 2264 457 2350 gesimum
486 2261 597 2325 aetatis
624 2281 744 2324 annum
772 2269 898 2322 tanturn
928 2258 1078 2323 fortunae
1109 2271 1141 2323 et
1171 2259 1295 2346 glorias

298 2379 467 2457 habuisse,
501 2387 659 2466 quantum
690 2375 750 2460 ipsi
779 2376 852 2439 satis
881 2396 949 2438 esse
976 2373 1139 2439 videretur
1161 2381 1192 2460 ³,
1217 2373 1296 2439 baec

297 2498 426 2562 omnino
448 2518 513 2560 non
536 2492 695 2579 ejusmodi
715 2505 806 2574 sunt,
827 2505 862 2556 ut
874 2494 1053 2578 comparari
1069 2491 1206 2578 possint,
1225 2513 1299 2556 cunt

296 2616 418 2680 eximiis
443 2612 636 2694 honoribus,
664 2613 783 2698 quibus
803 2612 970 2700 plerique,
989 2611 1047 2699 qui
1064 2632 1082 2673 a
1101 2609 1291 2676 Philostrato

295 2746 529 2813 memorantur,
552 2732 710 2818 sophistae
728 2742 860 2816 propter
872 2729 1103 2816 panegyricam
1124 2729 1158 2792 in
1180 2730 1292 2812 primis

297 2852 515 2939 eloquentiam
545 2850 580 2915 in
603 2848 712 2928 lonid,
735 2847 887 2925 Graecih,
919 2847 1106 2929 Romaeque
1139 2845 1295 2908 celebrati

296 2969 399 3035 luere.
410 2969 480 3032 Non
489 2986 656 3052 possumus
668 2962 848 3046 dijudicare
861 2959 978 3048 ecquid
992 2959 1152 3025 Lucienus
1164 2982 1216 3025 eas
1228 2982 1296 3024 ora·

295 3087 392 3151 terias
401 3083 704 3158 hahueritvirtutes‚
725 3080 855 3166 quibus,
873 3081 898 3144 si
908 3079 1028 3144 diutius
1049 3079 1083 3143 in
1097 3079 1294 3165 professione

297 3203 508 3289 perstitisset,
530 3201 626 3267 facile
644 3201 673 3265 ei
691 3201 803 3266 fuisset
825 3199 864 3266 ad
889 3219 959 3264 cam
983 3199 1201 3265 celebritatem
1217 3221 1292 3286 per-

291 3398 585 3414 ..Μ

335 3528 345 3556 1
367 3521 447 3569 Solon.
469 3520 523 3568 adn.
546 3519 583 3567 sd.
601 3518 647 3565 Pro
666 3517 736 3566 llere.
758 3517 831 3565 (lond.
850 3534 872 3564 c.
891 3515 932 3565 15.
949 3516 1023 3566 Wiel.
1042 3516 1084 3563 Tlr.
1099 3515 1126 3578 l,
1146 3515 1170 3563 S·
1189 3515 1296 3564 ll—llll

297 3606 401 3656 Invidiae
414 3614 475 3652 certe
490 3619 571 3651 osum
587 3601 612 3650 in
626 3611 731 3662 promptu
743 3612 793 3664 est,
806 3617 877 3664 quum
889 3601 986 3662 scriptor
994 3602 1024 3650 V.
1033 3599 1103 3661 soph.
1118 3599 1202 3661 passim
1219 3616 1296 3662 sumr-

295 3693 409 3741 stitiosunt
421 3706 446 3738 se
457 3689 572 3738 bominem
584 3687 673 3748 prodit,
687 3697 710 3734 et
721 3703 775 3734 vero
790 3688 808 3738 l.
825 3685 867 3748 ll,
882 3685 915 3748 5,
932 3685 945 3750 d
960 3683 983 3734 1.
1003 3685 1041 3732 01.
1055 3701 1078 3745 p.
1096 3682 1161 3746 570,
1176 3701 1200 3732 se
1213 3695 1298 3737 ancto-

295 3794 343 3826 rem
364 3791 412 3825 esse
432 3775 494 3823 vitae
508 3770 630 3834 Apollonii
642 3770 803 3834 Thyonemis,
820 3787 888 3832 mem
904 3770 959 3820 luc.
981 3786 1033 3817 cum
1052 3778 1168 3817 contemtu
1185 3787 1296 3820 memora-

297 3871 371 3924 rerst,
383 3860 484 3908 inAlex.
499 3875 518 3906 s.
529 3857 650 3905 Pseudom.
663 3853 718 3904 aa.
731 3856 799 3904 (lons.
814 3856 892 3904 Olear.
906 3856 1003 3916 praelat.
1018 3870 1041 3916 p.
1051 3853 1089 3902 111
1096 3871 1147 3917 sqq.
1162 3856 1295 3918 cujusdisp.

297 3947 403 4008 probarit
415 3947 441 3995 C.
454 3945 481 3994 L.
501 3943 598 4006 Ksyser,
615 3941 640 3990 in
655 3941 728 4001 prael.
743 3940 772 3987 ad
783 3942 820 3988 ed·
832 3943 862 3992 V.
877 3939 947 4001 Sopb.
964 3936 1046 4002 1838,
1060 3955 1082 3999 p.
1096 3937 1198 3987 xxvtt.

333 4067 345 4093 2
364 4057 475 4105 Philostr.
489 4056 519 4103 V.
533 4054 602 4115 Soph.
617 4055 634 4102 l.
649 4053 687 4114 ll,
705 4052 756 4115 31,
775 4053 824 4118 §l-
844 4053 883 4100 01.
897 4070 920 4114 p.
934 4049 992 4100 624.

333 4177 344 4208 ³
365 4171 409 4218 Pro
423 4171 493 4219 ldere.
509 4170 581 4218 Cond·
595 4187 615 4217 c.
631 4169 676 4226 153
693 4169 731 4216 llis
745 4169 800 4218 Ace·
815 4187 835 4218 c·
850 4166 899 4230 28,
914 4166 954 4216 32.
