<?xml version="1.0" encoding="UTF-8"?>
<!DOCTYPE html PUBLIC "-//W3C//DTD XHTML 1.0 Transitional//EN"
    "http://www.w3.org/TR/xhtml1/DTD/xhtml1-transitional.dtd">
<html xmlns="http://www.w3.org/1999/xhtml" xml:lang="en" lang="en">
 <head>
  <title>
</title>
<meta http-equiv="Content-Type" content="text/html;charset=utf-8" />
  <meta name='ocr-system' content='tesseract 3.04.00' />
  <meta name='ocr-capabilities' content='ocr_page ocr_carea ocr_par ocr_line ocrx_word'/>
</head>
<body>
  <div class='ocr_page' id='page_1' title='image "./dissertatiolite00meesgoog_0038.png"; bbox 0 0 3160 5018; ppageno 0'>
   <div class='ocr_carea' id='block_1_1' title="bbox 756 425 797 487">
    <p class='ocr_par' dir='ltr' id='par_1_1' title="bbox 756 425 797 487">
     <span class='ocr_line' id='line_1_1' title="bbox 756 425 797 487; baseline 0.024 -1"><span class='ocrx_word' id='word_1_1' title='bbox 756 425 797 487; x_wconf 83' lang='lat'><strong>23</strong></span> 
     </span>
    </p>
   </div>
   <div class='ocr_carea' id='block_1_2' title="bbox 277 618 1280 1768">
    <p class='ocr_par' dir='ltr' id='par_1_2' title="bbox 277 618 1280 1768">
     <span class='ocr_line' id='line_1_2' title="bbox 278 618 1271 708; baseline 0.004 -22"><span class='ocrx_word' id='word_1_2' title='bbox 278 621 363 708; x_wconf 88' lang='lat' dir='ltr'><strong>apud</strong></span> <span class='ocrx_word' id='word_1_3' title='bbox 383 621 561 685; x_wconf 78' lang='lat' dir='ltr'><strong>lucianum</strong></span> <span class='ocrx_word' id='word_1_4' title='bbox 579 639 722 682; x_wconf 80' lang='lat' dir='ltr'>caussam</span> <span class='ocrx_word' id='word_1_5' title='bbox 743 618 991 704; x_wconf 78' lang='lat' dir='ltr'><strong>deprehendisse</strong></span> <span class='ocrx_word' id='word_1_6' title='bbox 1011 623 1070 687; x_wconf 86' lang='lat' dir='ltr'><strong>sibi</strong></span> <span class='ocrx_word' id='word_1_7' title='bbox 1086 625 1271 704; x_wconf 87' lang='lat' dir='ltr'><strong>videntur¹‚</strong></span> 
     </span>
     <span class='ocr_line' id='line_1_3' title="bbox 277 736 1272 832; baseline 0.005 -27"><span class='ocrx_word' id='word_1_8' title='bbox 277 743 310 805; x_wconf 93' lang='lat' dir='ltr'><strong>in</strong></span> <span class='ocrx_word' id='word_1_9' title='bbox 333 763 390 824; x_wconf 84' lang='lat' dir='ltr'><strong>eo,</strong></span> <span class='ocrx_word' id='word_1_10' title='bbox 409 739 496 826; x_wconf 91' lang='lat' dir='ltr'><strong>quod</strong></span> <span class='ocrx_word' id='word_1_11' title='bbox 515 738 650 801; x_wconf 82' lang='lat' dir='ltr'><strong>Asianae</strong></span> <span class='ocrx_word' id='word_1_12' title='bbox 669 736 847 802; x_wconf 81' lang='lat' dir='ltr'><strong>rhetoricae</strong></span> <span class='ocrx_word' id='word_1_13' title='bbox 869 738 1038 819; x_wconf 88' lang='lat' dir='ltr'><strong>alumnus,</strong></span> <span class='ocrx_word' id='word_1_14' title='bbox 1057 764 1095 807; x_wconf 90' lang='lat' dir='ltr'><strong>eo</strong></span> <span class='ocrx_word' id='word_1_15' title='bbox 1114 754 1272 832; x_wconf 83' lang='lat' dir='ltr'><strong>tempore,</strong></span> 
     </span>
     <span class='ocr_line' id='line_1_4' title="bbox 280 855 1272 945; baseline 0.005 -23"><span class='ocrx_word' id='word_1_16' title='bbox 280 879 344 945; x_wconf 90' lang='lat' dir='ltr'><strong>quo</strong></span> <span class='ocrx_word' id='word_1_17' title='bbox 362 857 516 922; x_wconf 83' lang='lat' dir='ltr'><strong>scriberet</strong></span> <span class='ocrx_word' id='word_1_18' title='bbox 539 857 704 934; x_wconf 78' lang='lat' dir='ltr'><strong>Amores,</strong></span> <span class='ocrx_word' id='word_1_19' title='bbox 724 855 896 922; x_wconf 87' lang='lat' dir='ltr'><strong>admodum</strong></span> <span class='ocrx_word' id='word_1_20' title='bbox 911 857 1039 940; x_wconf 88' lang='lat' dir='ltr'><strong>juvenis</strong></span> <span class='ocrx_word' id='word_1_21' title='bbox 1062 880 1100 923; x_wconf 84' lang='lat' dir='ltr'><strong>ex</strong></span> <span class='ocrx_word' id='word_1_22' title='bbox 1120 860 1272 943; x_wconf 83' lang='lat' dir='ltr'><strong>Oriente,</strong></span> 
     </span>
     <span class='ocr_line' id='line_1_5' title="bbox 281 971 1272 1060; baseline 0.002 -19"><span class='ocrx_word' id='word_1_23' title='bbox 281 997 396 1060; x_wconf 88' lang='lat' dir='ltr'><strong>nempe</strong></span> <span class='ocrx_word' id='word_1_24' title='bbox 425 971 618 1048; x_wconf 70' lang='lat' dir='ltr'><strong>Antiochia,</strong></span> <span class='ocrx_word' id='word_1_25' title='bbox 652 975 839 1058; x_wconf 86' lang='lat' dir='ltr'><strong>nuperrime</strong></span> <span class='ocrx_word' id='word_1_26' title='bbox 867 975 901 1038; x_wconf 92' lang='lat' dir='ltr'><strong>in</strong></span> <span class='ocrx_word' id='word_1_27' title='bbox 926 974 1052 1040; x_wconf 87' lang='lat' dir='ltr'><strong>ltaliam</strong></span> <span class='ocrx_word' id='word_1_28' title='bbox 1080 975 1272 1060; x_wconf 88' lang='lat' dir='ltr'><strong>advenisset;</strong></span> 
     </span>
     <span class='ocr_line' id='line_1_6' title="bbox 283 1091 1277 1178; baseline 0.005 -22"><span class='ocrx_word' id='word_1_29' title='bbox 283 1093 331 1172; x_wconf 88' lang='lat' dir='ltr'><strong>id,</strong></span> <span class='ocrx_word' id='word_1_30' title='bbox 360 1091 446 1178; x_wconf 90' lang='lat' dir='ltr'><strong>quod</strong></span> <span class='ocrx_word' id='word_1_31' title='bbox 472 1102 628 1156; x_wconf 83' lang='lat' dir='ltr'><strong>testentur</strong></span> <span class='ocrx_word' id='word_1_32' title='bbox 657 1091 753 1155; x_wconf 85' lang='lat' dir='ltr'><strong>viridi</strong></span> <span class='ocrx_word' id='word_1_33' title='bbox 782 1101 813 1154; x_wconf 82' lang='lat' dir='ltr'><strong>rt</strong></span> <span class='ocrx_word' id='word_1_34' title='bbox 839 1092 930 1177; x_wconf 89' lang='lat' dir='ltr'><strong>quasi</strong></span> <span class='ocrx_word' id='word_1_35' title='bbox 957 1103 1101 1158; x_wconf 86' lang='lat' dir='ltr'><strong>recentes</strong></span> <span class='ocrx_word' id='word_1_36' title='bbox 1123 1096 1156 1160; x_wconf 90' lang='lat' dir='ltr'><strong>in</strong></span> <span class='ocrx_word' id='word_1_37' title='bbox 1183 1098 1277 1161; x_wconf 88' lang='lat' dir='ltr'><strong>rebus</strong></span> 
     </span>
     <span class='ocr_line' id='line_1_7' title="bbox 282 1209 1277 1296; baseline 0.005 -21"><span class='ocrx_word' id='word_1_38' title='bbox 282 1211 435 1275; x_wconf 89' lang='lat' dir='ltr'><strong>enarratis</strong></span> <span class='ocrx_word' id='word_1_39' title='bbox 447 1210 580 1275; x_wconf 88' lang='lat' dir='ltr'><strong>colores.</strong></span> <span class='ocrx_word' id='word_1_40' title='bbox 606 1210 678 1290; x_wconf 86' lang='lat' dir='ltr'><strong>Quo</strong></span> <span class='ocrx_word' id='word_1_41' title='bbox 690 1209 791 1296; x_wconf 85' lang='lat' dir='ltr'><strong>igitur</strong></span> <span class='ocrx_word' id='word_1_42' title='bbox 808 1220 933 1282; x_wconf 81' lang='lat' dir='ltr'><strong>sumto,</strong></span> <span class='ocrx_word' id='word_1_43' title='bbox 949 1221 1013 1274; x_wconf 91' lang='lat' dir='ltr'><strong>tam</strong></span> <span class='ocrx_word' id='word_1_44' title='bbox 1026 1212 1157 1277; x_wconf 91' lang='lat' dir='ltr'><strong>Luciani</strong></span> <span class='ocrx_word' id='word_1_45' title='bbox 1175 1214 1277 1282; x_wconf 87' lang='lat' dir='ltr'><strong>Amo-</strong></span> 
     </span>
     <span class='ocr_line' id='line_1_8' title="bbox 281 1305 1277 1414; baseline 0.006 -22"><span class='ocrx_word' id='word_1_46' title='bbox 281 1327 390 1407; x_wconf 81' lang='lat' dir='ltr'><strong>rihus‚</strong></span> <span class='ocrx_word' id='word_1_47' title='bbox 402 1348 498 1414; x_wconf 89' lang='lat' dir='ltr'><strong>quam</strong></span> <span class='ocrx_word' id='word_1_48' title='bbox 507 1305 626 1392; x_wconf 88' lang='lat' dir='ltr'><strong>Suidae</strong></span> <span class='ocrx_word' id='word_1_49' title='bbox 637 1326 818 1390; x_wconf 88' lang='lat' dir='ltr'><strong>testimonio</strong></span> <span class='ocrx_word' id='word_1_50' title='bbox 828 1327 1001 1391; x_wconf 86' lang='lat' dir='ltr'><strong>auctoritas</strong></span> <span class='ocrx_word' id='word_1_51' title='bbox 1012 1340 1146 1397; x_wconf 87' lang='lat' dir='ltr'><strong>constet.</strong></span> <span class='ocrx_word' id='word_1_52' title='bbox 1157 1330 1277 1400; x_wconf 85' lang='lat' dir='ltr'><strong>Verum</strong></span> 
     </span>
     <span class='ocr_line' id='line_1_9' title="bbox 280 1443 1278 1532; baseline 0.008 -25"><span class='ocrx_word' id='word_1_53' title='bbox 280 1445 419 1525; x_wconf 91' lang='lat' dir='ltr'><strong>accidit,</strong></span> <span class='ocrx_word' id='word_1_54' title='bbox 454 1455 491 1508; x_wconf 90' lang='lat' dir='ltr'><strong>ut</strong></span> <span class='ocrx_word' id='word_1_55' title='bbox 518 1445 580 1509; x_wconf 91' lang='lat' dir='ltr'><strong>iter</strong></span> <span class='ocrx_word' id='word_1_56' title='bbox 596 1445 631 1508; x_wconf 92' lang='lat' dir='ltr'><strong>in</strong></span> <span class='ocrx_word' id='word_1_57' title='bbox 653 1443 843 1507; x_wconf 79' lang='lat' dir='ltr'><strong>Amorilnrr</strong></span> <span class='ocrx_word' id='word_1_58' title='bbox 861 1455 1072 1510; x_wconf 88' lang='lat' dir='ltr'><strong>memoratum</strong></span> <span class='ocrx_word' id='word_1_59' title='bbox 1098 1449 1194 1532; x_wconf 90' lang='lat' dir='ltr'><strong>plane</strong></span> <span class='ocrx_word' id='word_1_60' title='bbox 1213 1472 1278 1515; x_wconf 91' lang='lat' dir='ltr'><strong>non</strong></span> 
     </span>
     <span class='ocr_line' id='line_1_10' title="bbox 281 1561 1279 1648; baseline 0.006 -21"><span class='ocrx_word' id='word_1_61' title='bbox 281 1565 379 1648; x_wconf 84' lang='lat' dir='ltr'><strong>possit</strong></span> <span class='ocrx_word' id='word_1_62' title='bbox 398 1562 509 1627; x_wconf 88' lang='lat' dir='ltr'><strong>haberi</strong></span> <span class='ocrx_word' id='word_1_63' title='bbox 532 1584 592 1646; x_wconf 94' lang='lat' dir='ltr'><strong>pro</strong></span> <span class='ocrx_word' id='word_1_64' title='bbox 615 1584 672 1639; x_wconf 93' lang='lat' dir='ltr'><strong>eo,</strong></span> <span class='ocrx_word' id='word_1_65' title='bbox 699 1582 763 1646; x_wconf 92' lang='lat' dir='ltr'><strong>quo</strong></span> <span class='ocrx_word' id='word_1_66' title='bbox 778 1561 937 1625; x_wconf 77' lang='lat' dir='ltr'><strong>Lucienus</strong></span> <span class='ocrx_word' id='word_1_67' title='bbox 951 1561 1079 1645; x_wconf 83' lang='lat' dir='ltr'><strong>juvenis</strong></span> <span class='ocrx_word' id='word_1_68' title='bbox 1101 1564 1135 1628; x_wconf 91' lang='lat' dir='ltr'><strong>in</strong></span> <span class='ocrx_word' id='word_1_69' title='bbox 1153 1566 1279 1633; x_wconf 89' lang='lat' dir='ltr'><strong>Italiam</strong></span> 
     </span>
     <span class='ocr_line' id='line_1_11' title="bbox 281 1678 1280 1768; baseline 0.005 -23"><span class='ocrx_word' id='word_1_70' title='bbox 281 1683 443 1768; x_wconf 81' lang='lat' dir='ltr'><strong>profectus</strong></span> <span class='ocrx_word' id='word_1_71' title='bbox 464 1692 520 1747; x_wconf 91' lang='lat' dir='ltr'><strong>est.</strong></span> <span class='ocrx_word' id='word_1_72' title='bbox 546 1681 606 1744; x_wconf 90' lang='lat' dir='ltr'><strong>Hic</strong></span> <span class='ocrx_word' id='word_1_73' title='bbox 629 1680 714 1743; x_wconf 88' lang='lat' dir='ltr'><strong>enim</strong></span> <span class='ocrx_word' id='word_1_74' title='bbox 745 1678 862 1743; x_wconf 85' lang='lat' dir='ltr'><strong>diserte</strong></span> <span class='ocrx_word' id='word_1_75' title='bbox 889 1681 999 1746; x_wconf 90' lang='lat' dir='ltr'><strong>retulit</strong></span> <span class='ocrx_word' id='word_1_76' title='bbox 1020 1705 1053 1746; x_wconf 90' lang='lat' dir='ltr'><strong>se</strong></span> <span class='ocrx_word' id='word_1_77' title='bbox 1072 1693 1141 1746; x_wconf 92' lang='lat' dir='ltr'><strong>tum</strong></span> <span class='ocrx_word' id='word_1_78' title='bbox 1157 1687 1192 1749; x_wconf 92' lang='lat' dir='ltr'><strong>in</strong></span> <span class='ocrx_word' id='word_1_79' title='bbox 1210 1687 1280 1750; x_wconf 91' lang='lat' dir='ltr'><strong>Ita-</strong></span> 
     </span>
    </p>
   </div>
   <div class='ocr_carea' id='block_1_3' title="bbox 282 1794 1280 2005">
    <p class='ocr_par' dir='ltr' id='par_1_3' title="bbox 282 1794 1280 2005">
     <span class='ocr_line' id='line_1_12' title="bbox 282 1794 1279 1888; baseline 0.005 -24"><span class='ocrx_word' id='word_1_80' title='bbox 282 1801 358 1865; x_wconf 85' lang='lat' dir='ltr'><strong>liam</strong></span> <span class='ocrx_word' id='word_1_81' title='bbox 367 1800 507 1876; x_wconf 89' lang='lat' dir='ltr'><strong>venisse,</strong></span> <span class='ocrx_word' id='word_1_82' title='bbox 524 1818 589 1861; x_wconf 90' lang='lat' dir='ltr'><strong>non</strong></span> <span class='ocrx_word' id='word_1_83' title='bbox 601 1819 618 1860; x_wconf 86' lang='lat' dir='ltr'><strong>e</strong></span> <span class='ocrx_word' id='word_1_84' title='bbox 628 1798 737 1884; x_wconf 78' lang='lat' dir='ltr'><strong>Syria,</strong></span> <span class='ocrx_word' id='word_1_85' title='bbox 751 1797 831 1861; x_wconf 88' lang='lat' dir='ltr'><strong>sedo</strong></span> <span class='ocrx_word' id='word_1_86' title='bbox 844 1794 1012 1878; x_wconf 79' lang='lat' dir='ltr'><strong>Graeer&#39;o,</strong></span> <span class='ocrx_word' id='word_1_87' title='bbox 1026 1803 1173 1888; x_wconf 81' lang='lat' dir='ltr'><strong>trajecto</strong></span> <span class='ocrx_word' id='word_1_88' title='bbox 1182 1800 1279 1869; x_wconf 79' lang='lat' dir='ltr'><strong>Ionio</strong></span> 
     </span>
     <span class='ocr_line' id='line_1_13' title="bbox 283 1913 1280 2005; baseline 0.004 -24"><span class='ocrx_word' id='word_1_89' title='bbox 283 1921 379 1996; x_wconf 79' lang='lat' dir='ltr'><strong>sinu,</strong></span> <span class='ocrx_word' id='word_1_90' title='bbox 409 1930 440 1981; x_wconf 89' lang='lat' dir='ltr'><strong>ot</strong></span> <span class='ocrx_word' id='word_1_91' title='bbox 465 1915 596 2001; x_wconf 90' lang='lat' dir='ltr'><strong>quidem</strong></span> <span class='ocrx_word' id='word_1_92' title='bbox 624 1926 793 2000; x_wconf 91' lang='lat' dir='ltr'><strong>postquam</strong></span> <span class='ocrx_word' id='word_1_93' title='bbox 820 1913 888 1997; x_wconf 90' lang='lat' dir='ltr'><strong>jam</strong></span> <span class='ocrx_word' id='word_1_94' title='bbox 912 1936 971 1999; x_wconf 91' lang='lat' dir='ltr'><strong>per</strong></span> <span class='ocrx_word' id='word_1_95' title='bbox 990 1918 1159 1982; x_wconf 79' lang='lat' dir='ltr'><strong>Graeciam</strong></span> <span class='ocrx_word' id='word_1_96' title='bbox 1183 1931 1280 2005; x_wconf 87' lang='lat' dir='ltr'><strong>atque</strong></span> 
     </span>
    </p>
   </div>
   <div class='ocr_carea' id='block_1_4' title="bbox 282 2032 1281 2238">
    <p class='ocr_par' dir='ltr' id='par_1_4' title="bbox 282 2032 1281 2238">
     <span class='ocr_line' id='line_1_14' title="bbox 283 2032 1281 2120; baseline 0.002 -18"><span class='ocrx_word' id='word_1_97' title='bbox 283 2037 405 2102; x_wconf 89' lang='lat' dir='ltr'><strong>Ioniam</strong></span> <span class='ocrx_word' id='word_1_98' title='bbox 428 2035 570 2120; x_wconf 89' lang='lat' dir='ltr'><strong>aliquam</strong></span> <span class='ocrx_word' id='word_1_99' title='bbox 590 2034 624 2096; x_wconf 92' lang='lat' dir='ltr'><strong>in</strong></span> <span class='ocrx_word' id='word_1_100' title='bbox 650 2032 810 2098; x_wconf 87' lang='lat' dir='ltr'><strong>rhetorica</strong></span> <span class='ocrx_word' id='word_1_101' title='bbox 825 2033 1046 2098; x_wconf 86' lang='lat' dir='ltr'><strong>celebritatem</strong></span> <span class='ocrx_word' id='word_1_102' title='bbox 1070 2047 1182 2100; x_wconf 88' lang='lat' dir='ltr'><strong>nactus</strong></span> <span class='ocrx_word' id='word_1_103' title='bbox 1203 2039 1281 2104; x_wconf 86' lang='lat' dir='ltr'><strong>luis-</strong></span> 
     </span>
     <span class='ocr_line' id='line_1_15' title="bbox 282 2153 1280 2238; baseline 0.002 -18"><span class='ocrx_word' id='word_1_104' title='bbox 282 2168 330 2220; x_wconf 87' lang='lat' dir='ltr'><strong>set</strong></span> <span class='ocrx_word' id='word_1_105' title='bbox 351 2166 373 2220; x_wconf 73' lang='lat'><strong>2.</strong></span> <span class='ocrx_word' id='word_1_106' title='bbox 394 2156 502 2237; x_wconf 85' lang='lat' dir='ltr'><strong>Quum</strong></span> <span class='ocrx_word' id='word_1_107' title='bbox 520 2165 628 2218; x_wconf 91' lang='lat' dir='ltr'><strong>autem</strong></span> <span class='ocrx_word' id='word_1_108' title='bbox 644 2153 763 2217; x_wconf 89' lang='lat' dir='ltr'><strong>seriore</strong></span> <span class='ocrx_word' id='word_1_109' title='bbox 782 2153 866 2216; x_wconf 87' lang='lat' dir='ltr'><strong>vitae</strong></span> <span class='ocrx_word' id='word_1_110' title='bbox 881 2165 1024 2238; x_wconf 87' lang='lat' dir='ltr'><strong>tempore</strong></span> <span class='ocrx_word' id='word_1_111' title='bbox 1049 2165 1080 2218; x_wconf 90' lang='lat' dir='ltr'><strong>et</strong></span> <span class='ocrx_word' id='word_1_112' title='bbox 1098 2156 1280 2222; x_wconf 89' lang='lat' dir='ltr'><strong>subactiore</strong></span> 
     </span>
    </p>
   </div>
   <div class='ocr_carea' id='block_1_5' title="bbox 284 2333 569 2342">
    <p class='ocr_par' dir='ltr' id='par_1_5' title="bbox 284 2333 569 2342">
     <span class='ocr_line' id='line_1_16' title="bbox 284 2333 569 2342; baseline -0.007 0"><span class='ocrx_word' id='word_1_113' title='bbox 284 2333 569 2342; x_wconf 53' lang='lat' dir='ltr'><strong>W*</strong></span> 
     </span>
    </p>
   </div>
   <div class='ocr_carea' id='block_1_6' title="bbox 283 2434 1281 2754">
    <p class='ocr_par' dir='ltr' id='par_1_6' title="bbox 283 2434 1281 2754">
     <span class='ocr_line' id='line_1_17' title="bbox 316 2434 1280 2502; baseline 0.007 -17"><span class='ocrx_word' id='word_1_114' title='bbox 316 2434 326 2471; x_wconf 83' lang='lat'><strong>¹</strong></span> <span class='ocrx_word' id='word_1_115' title='bbox 347 2438 412 2486; x_wconf 80' lang='lat' dir='ltr'><strong>(lons.</strong></span> <span class='ocrx_word' id='word_1_116' title='bbox 441 2439 466 2486; x_wconf 83' lang='lat' dir='ltr'><strong>C.</strong></span> <span class='ocrx_word' id='word_1_117' title='bbox 494 2440 532 2486; x_wconf 80' lang='lat' dir='ltr'><strong>Fr.</strong></span> <span class='ocrx_word' id='word_1_118' title='bbox 547 2440 692 2501; x_wconf 62' lang='lat' dir='ltr'><strong>Hermann,</strong></span> <span class='ocrx_word' id='word_1_119' title='bbox 714 2441 813 2502; x_wconf 76' lang='lat' dir='ltr'><strong>Allgem.</strong></span> <span class='ocrx_word' id='word_1_120' title='bbox 841 2441 933 2488; x_wconf 77' lang='lat' dir='ltr'><strong>schulz.</strong></span> <span class='ocrx_word' id='word_1_121' title='bbox 954 2439 1027 2496; x_wconf 82' lang='grc'><strong>1832,</strong></span> <span class='ocrx_word' id='word_1_122' title='bbox 1061 2443 1084 2489; x_wconf 84' lang='lat' dir='ltr'><strong>S.</strong></span> <span class='ocrx_word' id='word_1_123' title='bbox 1104 2442 1152 2491; x_wconf 81' lang='lat'><strong>804</strong></span> <span class='ocrx_word' id='word_1_124' title='bbox 1172 2453 1195 2491; x_wconf 84' lang='lat' dir='ltr'><strong>et</strong></span> <span class='ocrx_word' id='word_1_125' title='bbox 1221 2444 1280 2491; x_wconf 78' lang='lat' dir='ltr'><strong>God.</strong></span> 
     </span>
     <span class='ocr_line' id='line_1_18' title="bbox 283 2520 1281 2588; baseline 0.008 -22"><span class='ocrx_word' id='word_1_126' title='bbox 283 2520 386 2580; x_wconf 83' lang='lat' dir='ltr'><strong>Welrl.,</strong></span> <span class='ocrx_word' id='word_1_127' title='bbox 408 2523 471 2570; x_wconf 92' lang='lat' dir='ltr'><strong>laud.</strong></span> <span class='ocrx_word' id='word_1_128' title='bbox 491 2539 573 2570; x_wconf 87' lang='lat' dir='ltr'><strong>comm.</strong></span> <span class='ocrx_word' id='word_1_129' title='bbox 591 2540 614 2583; x_wconf 86' lang='lat' dir='ltr'><strong>p.</strong></span> <span class='ocrx_word' id='word_1_130' title='bbox 629 2521 670 2573; x_wconf 88' lang='lat'><strong>18.</strong></span> <span class='ocrx_word' id='word_1_131' title='bbox 688 2523 786 2570; x_wconf 83' lang='lat' dir='ltr'><strong>Solanus</strong></span> <span class='ocrx_word' id='word_1_132' title='bbox 799 2524 828 2570; x_wconf 88' lang='lat' dir='ltr'><strong>ad</strong></span> <span class='ocrx_word' id='word_1_133' title='bbox 840 2525 877 2572; x_wconf 89' lang='lat' dir='ltr'><strong>tit.</strong></span> <span class='ocrx_word' id='word_1_134' title='bbox 890 2524 946 2572; x_wconf 83' lang='lat' dir='ltr'><strong>libri</strong></span> <span class='ocrx_word' id='word_1_135' title='bbox 957 2525 1066 2587; x_wconf 84' lang='lat' dir='ltr'><strong>ambigit,</strong></span> <span class='ocrx_word' id='word_1_136' title='bbox 1081 2535 1175 2587; x_wconf 73' lang='lat' dir='ltr'><strong>soene,</strong></span> <span class='ocrx_word' id='word_1_137' title='bbox 1190 2528 1281 2588; x_wconf 78' lang='lat' dir='ltr'><strong>inquit,</strong></span> 
     </span>
     <span class='ocr_line' id='line_1_19' title="bbox 283 2603 1281 2672; baseline 0.011 -23"><span class='ocrx_word' id='word_1_138' title='bbox 283 2603 303 2648; x_wconf 90' lang='lat' dir='ltr'><strong>si</strong></span> <span class='ocrx_word' id='word_1_139' title='bbox 318 2604 414 2652; x_wconf 87' lang='lat' dir='ltr'><strong>Luoiani</strong></span> <span class='ocrx_word' id='word_1_140' title='bbox 429 2621 485 2666; x_wconf 87' lang='lat' dir='ltr'><strong>opus</strong></span> <span class='ocrx_word' id='word_1_141' title='bbox 507 2609 551 2669; x_wconf 89' lang='lat' dir='ltr'><strong>sit,</strong></span> <span class='ocrx_word' id='word_1_142' title='bbox 569 2609 674 2669; x_wconf 87' lang='lat' dir='ltr'><strong>juvenile</strong></span> <span class='ocrx_word' id='word_1_143' title='bbox 687 2615 738 2667; x_wconf 90' lang='lat' dir='ltr'><strong>est,</strong></span> <span class='ocrx_word' id='word_1_144' title='bbox 751 2608 859 2670; x_wconf 87' lang='lat' dir='ltr'><strong>priusque</strong></span> <span class='ocrx_word' id='word_1_145' title='bbox 874 2609 983 2669; x_wconf 89' lang='lat' dir='ltr'><strong>scriptum</strong></span> <span class='ocrx_word' id='word_1_146' title='bbox 1004 2625 1071 2670; x_wconf 59' lang='lat' dir='ltr'><strong>mam</strong></span> <span class='ocrx_word' id='word_1_147' title='bbox 1088 2611 1198 2672; x_wconf 82' lang='lat' dir='ltr'><strong>facilem,</strong></span> <span class='ocrx_word' id='word_1_148' title='bbox 1214 2627 1281 2672; x_wconf 80' lang='lat' dir='ltr'><strong>quen</strong></span> 
     </span>
     <span class='ocr_line' id='line_1_20' title="bbox 284 2689 1013 2754; baseline 0.005 -20"><span class='ocrx_word' id='word_1_149' title='bbox 284 2689 308 2734; x_wconf 90' lang='lat' dir='ltr'><strong>in</strong></span> <span class='ocrx_word' id='word_1_150' title='bbox 321 2707 349 2737; x_wconf 90' lang='lat' dir='ltr'><strong>eo</strong></span> <span class='ocrx_word' id='word_1_151' title='bbox 361 2691 485 2754; x_wconf 81' lang='lat' dir='ltr'><strong>miramur,</strong></span> <span class='ocrx_word' id='word_1_152' title='bbox 499 2693 665 2740; x_wconf 84' lang='lat' dir='ltr'><strong>et-rersatilem</strong></span> <span class='ocrx_word' id='word_1_153' title='bbox 680 2693 759 2738; x_wconf 88' lang='lat' dir='ltr'><strong>stilum</strong></span> <span class='ocrx_word' id='word_1_154' title='bbox 773 2703 909 2739; x_wconf 84' lang='lat' dir='ltr'><strong>consecutus</strong></span> <span class='ocrx_word' id='word_1_155' title='bbox 923 2702 1013 2741; x_wconf 80' lang='lat' dir='ltr'><strong>esset.»</strong></span> 
     </span>
    </p>
   </div>
   <div class='ocr_carea' id='block_1_7' title="bbox 281 2815 1539 4064">
    <p class='ocr_par' dir='ltr' id='par_1_7' title="bbox 281 2815 1539 4064">
     <span class='ocr_line' id='line_1_21' title="bbox 316 2815 1282 2880; baseline 0.003 -14"><span class='ocrx_word' id='word_1_156' title='bbox 316 2821 328 2852; x_wconf 86' lang='lat'>2</span> <span class='ocrx_word' id='word_1_157' title='bbox 347 2820 386 2867; x_wconf 84' lang='lat' dir='ltr'><strong>bis</strong></span> <span class='ocrx_word' id='word_1_158' title='bbox 409 2824 464 2868; x_wconf 84' lang='lat' dir='ltr'><strong>Ace.</strong></span> <span class='ocrx_word' id='word_1_159' title='bbox 486 2836 506 2866; x_wconf 87' lang='lat' dir='ltr'><strong>c.</strong></span> <span class='ocrx_word' id='word_1_160' title='bbox 530 2817 579 2880; x_wconf 79' lang='lat'><strong>27,</strong></span> <span class='ocrx_word' id='word_1_161' title='bbox 607 2817 710 2868; x_wconf 74' lang='grc' dir='ltr'><strong><em>κλεινὸν</em></strong></span> <span class='ocrx_word' id='word_1_162' title='bbox 738 2817 823 2867; x_wconf 74' lang='grc' dir='ltr'><strong><em>αὐτὸν</em></strong></span> <span class='ocrx_word' id='word_1_163' title='bbox 844 2818 892 2866; x_wconf 79' lang='lat' dir='ltr'><strong>stul</strong></span> <span class='ocrx_word' id='word_1_164' title='bbox 915 2815 1038 2879; x_wconf 67' lang='lat' dir='ltr'><strong>tieldones</strong></span> <span class='ocrx_word' id='word_1_165' title='bbox 1056 2818 1225 2870; x_wconf 68' lang='lat' dir='ltr'><strong>saetam-nat</strong></span> <span class='ocrx_word' id='word_1_166' title='bbox 1246 2820 1282 2869; x_wconf 81' lang='grc' dir='ltr'><strong>τὰ</strong></span> 
     </span>
     <span class='ocr_line' id='line_1_22' title="bbox 284 2892 1282 2971; baseline 0.002 -21"><span class='ocrx_word' id='word_1_167' title='bbox 284 2901 332 2963; x_wconf 81' lang='grc' dir='ltr'><strong>μὲν</strong></span> <span class='ocrx_word' id='word_1_168' title='bbox 345 2903 390 2953; x_wconf 77' lang='grc' dir='ltr'><strong>ἐπὶ</strong></span> <span class='ocrx_word' id='word_1_169' title='bbox 409 2906 458 2967; x_wconf 84' lang='grc' dir='ltr'><strong>τῆς</strong></span> <span class='ocrx_word' id='word_1_170' title='bbox 477 2892 617 2958; x_wconf 75' lang='grc' dir='ltr'><strong>Ἑλλάδος</strong></span> <span class='ocrx_word' id='word_1_171' title='bbox 638 2903 685 2950; x_wconf 71' lang='grc' dir='ltr'><strong>καὶ</strong></span> <span class='ocrx_word' id='word_1_172' title='bbox 700 2905 748 2965; x_wconf 82' lang='grc' dir='ltr'><strong>τῆς</strong></span> <span class='ocrx_word' id='word_1_173' title='bbox 761 2895 868 2957; x_wconf 78' lang='grc' dir='ltr'><strong><em>Ἰωνίας</em></strong></span> <span class='ocrx_word' id='word_1_174' title='bbox 880 2901 989 2971; x_wconf 77' lang='grc' dir='ltr'><em>μέτρια,</em></span> <span class='ocrx_word' id='word_1_175' title='bbox 1004 2903 1029 2959; x_wconf 70' lang='lat' dir='ltr'><strong>te</strong></span> <span class='ocrx_word' id='word_1_176' title='bbox 1044 2900 1075 2953; x_wconf 77' lang='grc' dir='ltr'><strong>δὲ</strong></span> <span class='ocrx_word' id='word_1_177' title='bbox 1090 2905 1142 2968; x_wconf 84' lang='grc' dir='ltr'><strong>τὴν</strong></span> <span class='ocrx_word' id='word_1_178' title='bbox 1152 2896 1282 2953; x_wconf 74' lang='grc' dir='ltr'><strong><em>Ἰταλίαν</em></strong></span> 
     </span>
     <span class='ocr_line' id='line_1_23' title="bbox 284 2980 1279 3054; baseline 0.001 -20"><span class='ocrx_word' id='word_1_179' title='bbox 284 2986 458 3054; x_wconf 75' lang='grc' dir='ltr'>ἀποδημῆσαι</span> <span class='ocrx_word' id='word_1_180' title='bbox 471 2986 622 3052; x_wconf 71' lang='grc' dir='ltr'><strong><em>θελήσαντι</em></strong></span> <span class='ocrx_word' id='word_1_181' title='bbox 637 2986 712 3053; x_wconf 77' lang='grc' dir='ltr'>αὐτῷ</span> <span class='ocrx_word' id='word_1_182' title='bbox 727 2987 776 3036; x_wconf 87' lang='grc' dir='ltr'><strong>τὸν</strong></span> <span class='ocrx_word' id='word_1_183' title='bbox 786 2980 886 3035; x_wconf 82' lang='grc' dir='ltr'><strong><em>Ἰόνιον</em></strong></span> <span class='ocrx_word' id='word_1_184' title='bbox 899 2985 1101 3037; x_wconf 73' lang='grc' dir='ltr'><strong><em>συνδιέπλευσα.</em></strong></span> <span class='ocrx_word' id='word_1_185' title='bbox 1118 2989 1279 3036; x_wconf 82' lang='lat' dir='ltr'><strong>Ilissimulavit</strong></span> 
     </span>
     <span class='ocr_line' id='line_1_24' title="bbox 284 3069 1277 3133; baseline 0.003 -17"><span class='ocrx_word' id='word_1_186' title='bbox 284 3069 345 3118; x_wconf 84' lang='lat' dir='ltr'><strong>hano</strong></span> <span class='ocrx_word' id='word_1_187' title='bbox 357 3073 532 3132; x_wconf 79' lang='lat' dir='ltr'><strong>discrepantiam</strong></span> <span class='ocrx_word' id='word_1_188' title='bbox 544 3072 660 3120; x_wconf 84' lang='lat' dir='ltr'><strong>Wetzlar.</strong></span> <span class='ocrx_word' id='word_1_189' title='bbox 677 3073 732 3132; x_wconf 88' lang='lat' dir='ltr'><strong>ubi,</strong></span> <span class='ocrx_word' id='word_1_190' title='bbox 747 3069 892 3133; x_wconf 81' lang='lat' dir='ltr'><strong>1.1.p.35‚</strong></span> <span class='ocrx_word' id='word_1_191' title='bbox 908 3073 936 3119; x_wconf 89' lang='lat' dir='ltr'><strong>de</strong></span> <span class='ocrx_word' id='word_1_192' title='bbox 951 3073 1060 3133; x_wconf 88' lang='lat' dir='ltr'><strong>scriptore</strong></span> <span class='ocrx_word' id='word_1_193' title='bbox 1075 3075 1186 3122; x_wconf 77' lang='lat' dir='ltr'><strong>Amomm</strong></span> <span class='ocrx_word' id='word_1_194' title='bbox 1205 3072 1277 3121; x_wconf 86' lang='lat' dir='ltr'><strong>dixit:</strong></span> 
     </span>
     <span class='ocr_line' id='line_1_25' title="bbox 285 3151 1281 3220; baseline 0.006 -20"><span class='ocrx_word' id='word_1_195' title='bbox 285 3173 298 3200; x_wconf 79' lang='lat' dir='ltr'><strong>s</strong></span> <span class='ocrx_word' id='word_1_196' title='bbox 308 3151 412 3202; x_wconf 80' lang='lat' dir='ltr'><strong>Scimus</strong></span> <span class='ocrx_word' id='word_1_197' title='bbox 427 3172 479 3202; x_wconf 87' lang='lat' dir='ltr'><strong>eum</strong></span> <span class='ocrx_word' id='word_1_198' title='bbox 494 3156 546 3203; x_wconf 88' lang='lat' dir='ltr'><strong>inde</strong></span> <span class='ocrx_word' id='word_1_199' title='bbox 558 3157 585 3220; x_wconf 84' lang='lat' dir='ltr'><strong>(a</strong></span> <span class='ocrx_word' id='word_1_200' title='bbox 600 3155 683 3219; x_wconf 87' lang='lat' dir='ltr'><strong>Cnido)</strong></span> <span class='ocrx_word' id='word_1_201' title='bbox 691 3157 722 3202; x_wconf 82' lang='lat' dir='ltr'><strong>irs</strong></span> <span class='ocrx_word' id='word_1_202' title='bbox 736 3156 876 3202; x_wconf 82' lang='lat' dir='ltr'><strong>Graeciam</strong></span> <span class='ocrx_word' id='word_1_203' title='bbox 883 3158 1008 3216; x_wconf 84' lang='lat' dir='ltr'><strong>profectum</strong></span> <span class='ocrx_word' id='word_1_204' title='bbox 1021 3166 1044 3204; x_wconf 88' lang='lat' dir='ltr'><strong>et</strong></span> <span class='ocrx_word' id='word_1_205' title='bbox 1055 3174 1096 3217; x_wconf 86' lang='lat' dir='ltr'><strong>per</strong></span> <span class='ocrx_word' id='word_1_206' title='bbox 1106 3160 1175 3206; x_wconf 80' lang='lat' dir='ltr'><strong>breve</strong></span> <span class='ocrx_word' id='word_1_207' title='bbox 1191 3168 1281 3206; x_wconf 86' lang='lat' dir='ltr'><strong>tantum</strong></span> 
     </span>
     <span class='ocr_line' id='line_1_26' title="bbox 282 3238 1284 3304; baseline 0.007 -21"><span class='ocrx_word' id='word_1_208' title='bbox 282 3238 391 3297; x_wconf 87' lang='lat' dir='ltr'><strong>temporis</strong></span> <span class='ocrx_word' id='word_1_209' title='bbox 409 3240 508 3298; x_wconf 85' lang='lat' dir='ltr'><strong>spatium</strong></span> <span class='ocrx_word' id='word_1_210' title='bbox 523 3240 556 3286; x_wconf 92' lang='lat' dir='ltr'><strong>ibi</strong></span> <span class='ocrx_word' id='word_1_211' title='bbox 568 3249 732 3288; x_wconf 84' lang='lat' dir='ltr'><strong>commoratum</strong></span> <span class='ocrx_word' id='word_1_212' title='bbox 746 3239 832 3295; x_wconf 81' lang='lat' dir='ltr'><strong>fuisse3</strong></span> <span class='ocrx_word' id='word_1_213' title='bbox 847 3254 900 3286; x_wconf 86' lang='lat' dir='ltr'><strong>mox</strong></span> <span class='ocrx_word' id='word_1_214' title='bbox 913 3240 973 3288; x_wconf 86' lang='lat' dir='ltr'><strong>enim</strong></span> <span class='ocrx_word' id='word_1_215' title='bbox 989 3240 1071 3302; x_wconf 84' lang='lat' dir='ltr'><strong>viginti</strong></span> <span class='ocrx_word' id='word_1_216' title='bbox 1088 3242 1190 3304; x_wconf 85' lang='lat' dir='ltr'><strong>quinque</strong></span> <span class='ocrx_word' id='word_1_217' title='bbox 1210 3258 1284 3290; x_wconf 87' lang='lat' dir='ltr'><strong>annos</strong></span> 
     </span>
     <span class='ocr_line' id='line_1_27' title="bbox 281 3323 1282 3387; baseline 0.005 -19"><span class='ocrx_word' id='word_1_218' title='bbox 281 3332 350 3370; x_wconf 87' lang='lat' dir='ltr'><strong>natus</strong></span> <span class='ocrx_word' id='word_1_219' title='bbox 364 3341 377 3370; x_wconf 89' lang='lat' dir='ltr'><strong>e</strong></span> <span class='ocrx_word' id='word_1_220' title='bbox 389 3325 485 3371; x_wconf 80' lang='lat' dir='ltr'><strong>Graecia</strong></span> <span class='ocrx_word' id='word_1_221' title='bbox 498 3325 523 3371; x_wconf 89' lang='lat' dir='ltr'><strong>in</strong></span> <span class='ocrx_word' id='word_1_222' title='bbox 540 3325 632 3372; x_wconf 83' lang='lat' dir='ltr'><strong>ltaliam</strong></span> <span class='ocrx_word' id='word_1_223' title='bbox 647 3325 795 3387; x_wconf 81' lang='lat' dir='ltr'><strong>navigavit.»</strong></span> <span class='ocrx_word' id='word_1_224' title='bbox 827 3324 915 3372; x_wconf 78' lang='lat' dir='ltr'><strong>Auctor</strong></span> <span class='ocrx_word' id='word_1_225' title='bbox 927 3326 1037 3372; x_wconf 80' lang='lat' dir='ltr'><strong>Amemus</strong></span> <span class='ocrx_word' id='word_1_226' title='bbox 1050 3341 1062 3370; x_wconf 90' lang='lat' dir='ltr'><strong>e</strong></span> <span class='ocrx_word' id='word_1_227' title='bbox 1079 3323 1145 3386; x_wconf 76' lang='lat' dir='ltr'><strong>Syria</strong></span> <span class='ocrx_word' id='word_1_228' title='bbox 1165 3326 1221 3373; x_wconf 84' lang='lat' dir='ltr'><strong>nari</strong></span> <span class='ocrx_word' id='word_1_229' title='bbox 1238 3325 1282 3373; x_wconf 89' lang='lat' dir='ltr'><strong>sibi</strong></span> 
     </span>
     <span class='ocr_line' id='line_1_28' title="bbox 282 3401 1282 3475; baseline 0.005 -21"><span class='ocrx_word' id='word_1_230' title='bbox 282 3409 395 3458; x_wconf 76' lang='lat' dir='ltr'><strong>instruero</strong></span> <span class='ocrx_word' id='word_1_231' title='bbox 414 3409 516 3456; x_wconf 83' lang='lat' dir='ltr'><strong>instituit</strong></span> <span class='ocrx_word' id='word_1_232' title='bbox 538 3401 594 3458; x_wconf 80' lang='grc' dir='ltr'><strong>ἐπ’</strong></span> <span class='ocrx_word' id='word_1_233' title='bbox 614 3401 744 3458; x_wconf 75' lang='grc' dir='ltr'><strong><em>Ἰταλίαν</em></strong></span> <span class='ocrx_word' id='word_1_234' title='bbox 762 3407 841 3458; x_wconf 75' lang='grc' dir='ltr'><strong><em>πλεῖν</em></strong></span> <span class='ocrx_word' id='word_1_235' title='bbox 858 3409 889 3471; x_wconf 75' lang='grc' dir='ltr'><strong>(ο.</strong></span> <span class='ocrx_word' id='word_1_236' title='bbox 903 3407 955 3475; x_wconf 81' lang='grc'><strong>6.);</strong></span> <span class='ocrx_word' id='word_1_237' title='bbox 970 3409 995 3456; x_wconf 85' lang='lat' dir='ltr'><strong>in</strong></span> <span class='ocrx_word' id='word_1_238' title='bbox 1009 3410 1092 3457; x_wconf 88' lang='lat' dir='ltr'><strong>itinere</strong></span> <span class='ocrx_word' id='word_1_239' title='bbox 1107 3412 1180 3460; x_wconf 81' lang='lat' dir='ltr'><strong>socios</strong></span> <span class='ocrx_word' id='word_1_240' title='bbox 1193 3413 1218 3460; x_wconf 87' lang='lat' dir='ltr'><strong>in</strong></span> <span class='ocrx_word' id='word_1_241' title='bbox 1236 3428 1282 3459; x_wconf 87' lang='lat' dir='ltr'><strong>na-</strong></span> 
     </span>
     <span class='ocr_line' id='line_1_29' title="bbox 283 3489 1281 3558; baseline 0.003 -22"><span class='ocrx_word' id='word_1_242' title='bbox 283 3507 333 3540; x_wconf 85' lang='lat' dir='ltr'><strong>rem</strong></span> <span class='ocrx_word' id='word_1_243' title='bbox 345 3509 410 3541; x_wconf 85' lang='lat' dir='ltr'><strong>suam</strong></span> <span class='ocrx_word' id='word_1_244' title='bbox 426 3493 507 3553; x_wconf 87' lang='lat' dir='ltr'><strong>recipit</strong></span> <span class='ocrx_word' id='word_1_245' title='bbox 523 3493 667 3540; x_wconf 83' lang='lat' dir='ltr'><strong>Corinthium</strong></span> <span class='ocrx_word' id='word_1_246' title='bbox 684 3502 707 3541; x_wconf 88' lang='lat' dir='ltr'><strong>et</strong></span> <span class='ocrx_word' id='word_1_247' title='bbox 722 3492 885 3543; x_wconf 78' lang='lat' dir='ltr'><strong>Atheniensem</strong></span> <span class='ocrx_word' id='word_1_248' title='bbox 897 3495 927 3558; x_wconf 82' lang='lat' dir='ltr'><strong>(e.</strong></span> <span class='ocrx_word' id='word_1_249' title='bbox 943 3489 982 3557; x_wconf 81' lang='lat'><strong>9),</strong></span> <span class='ocrx_word' id='word_1_250' title='bbox 999 3492 1082 3554; x_wconf 78' lang='lat' dir='ltr'><strong>quippe</strong></span> <span class='ocrx_word' id='word_1_251' title='bbox 1098 3494 1139 3554; x_wconf 85' lang='lat' dir='ltr'><strong>qui</strong></span> <span class='ocrx_word' id='word_1_252' title='bbox 1150 3493 1205 3542; x_wconf 88' lang='lat' dir='ltr'><strong>item</strong></span> <span class='ocrx_word' id='word_1_253' title='bbox 1217 3494 1281 3555; x_wconf 83' lang='lat' dir='ltr'><strong>cogi-</strong></span> 
     </span>
     <span class='ocr_line' id='line_1_30' title="bbox 285 3566 1282 3641; baseline 0.001 -19"><span class='ocrx_word' id='word_1_254' title='bbox 285 3584 361 3622; x_wconf 85' lang='lat' dir='ltr'><strong>tarent</strong></span> <span class='ocrx_word' id='word_1_255' title='bbox 381 3575 419 3631; x_wconf 75' lang='grc' dir='ltr'><strong>εἶς</strong></span> <span class='ocrx_word' id='word_1_256' title='bbox 438 3575 490 3640; x_wconf 81' lang='grc' dir='ltr'><strong>τὴν</strong></span> <span class='ocrx_word' id='word_1_257' title='bbox 511 3566 640 3623; x_wconf 71' lang='grc' dir='ltr'><strong><em>Ἰταλίαν</em></strong></span> <span class='ocrx_word' id='word_1_258' title='bbox 659 3573 895 3641; x_wconf 71' lang='lat' dir='ltr'><strong>dwolprsr(o.10).</strong></span> <span class='ocrx_word' id='word_1_259' title='bbox 913 3574 966 3622; x_wconf 83' lang='lat' dir='ltr'><strong>Jam</strong></span> <span class='ocrx_word' id='word_1_260' title='bbox 979 3590 1072 3635; x_wconf 81' lang='lat' dir='ltr'><strong>prorsus</strong></span> <span class='ocrx_word' id='word_1_261' title='bbox 1086 3576 1236 3637; x_wconf 83' lang='lat' dir='ltr'><strong>improbabile</strong></span> <span class='ocrx_word' id='word_1_262' title='bbox 1248 3586 1282 3625; x_wconf 86' lang='lat' dir='ltr'><strong>est</strong></span> 
     </span>
     <span class='ocr_line' id='line_1_31' title="bbox 281 3658 1278 3723; baseline 0.003 -17"><span class='ocrx_word' id='word_1_263' title='bbox 281 3677 334 3707; x_wconf 85' lang='lat' dir='ltr'><strong>eum</strong></span> <span class='ocrx_word' id='word_1_264' title='bbox 353 3660 453 3708; x_wconf 81' lang='lat' dir='ltr'><strong>Graecos</strong></span> <span class='ocrx_word' id='word_1_265' title='bbox 472 3659 592 3721; x_wconf 86' lang='lat' dir='ltr'><strong>homines,</strong></span> <span class='ocrx_word' id='word_1_266' title='bbox 614 3675 671 3721; x_wconf 86' lang='lat' dir='ltr'><strong>quos</strong></span> <span class='ocrx_word' id='word_1_267' title='bbox 694 3658 719 3706; x_wconf 88' lang='lat' dir='ltr'><strong>in</strong></span> <span class='ocrx_word' id='word_1_268' title='bbox 736 3659 829 3706; x_wconf 88' lang='lat' dir='ltr'><strong>Italiam</strong></span> <span class='ocrx_word' id='word_1_269' title='bbox 849 3660 965 3708; x_wconf 86' lang='lat' dir='ltr'><strong>ducendos</strong></span> <span class='ocrx_word' id='word_1_270' title='bbox 989 3659 1176 3723; x_wconf 54' lang='lat' dir='ltr'><strong>adsumsissets</strong></span> <span class='ocrx_word' id='word_1_271' title='bbox 1169 3678 1194 3708; x_wconf 86' lang='lat' dir='ltr'><strong>m</strong></span> <span class='ocrx_word' id='word_1_272' title='bbox 1207 3661 1278 3722; x_wconf 91' lang='lat' dir='ltr'><strong>ipsam</strong></span> 
     </span>
     <span class='ocr_line' id='line_1_32' title="bbox 283 3679 1539 3932; baseline 0.001 -139"><span class='ocrx_word' id='word_1_273' title='bbox 283 3745 402 3793; x_wconf 84' lang='lat' dir='ltr'><strong>Graeciam</strong></span> <span class='ocrx_word' id='word_1_274' title='bbox 423 3747 549 3812; x_wconf 54' lang='lat' dir='ltr'><strong>reduxisse.</strong></span> <span class='ocrx_word' id='word_1_275' title='bbox 575 3747 696 3794; x_wconf 86' lang='lat' dir='ltr'><strong>Praeterea</strong></span> <span class='ocrx_word' id='word_1_276' title='bbox 718 3747 787 3806; x_wconf 86' lang='lat' dir='ltr'><strong>plane</strong></span> <span class='ocrx_word' id='word_1_277' title='bbox 807 3755 913 3808; x_wconf 83' lang='lat' dir='ltr'><strong>apparet,</strong></span> <span class='ocrx_word' id='word_1_278' title='bbox 936 3747 998 3794; x_wconf 88' lang='lat' dir='ltr'><strong>illud</strong></span> <span class='ocrx_word' id='word_1_279' title='bbox 1019 3747 1123 3809; x_wconf 84' lang='lat' dir='ltr'><strong>iterque</strong></span> <span class='ocrx_word' id='word_1_280' title='bbox 1137 3748 1302 3796; x_wconf 55' lang='lat' dir='ltr'><strong>Iiucianuse.¹</strong></span> <span class='ocrx_word' id='word_1_281' title='bbox 1320 3692 1462 3932; x_wconf 43' lang='lat' dir='ltr'><strong>Mſsa&gt;</strong></span> <span class='ocrx_word' id='word_1_282' title='bbox 1471 3679 1539 3878; x_wconf 43' lang='lat' dir='ltr'><strong>ssas</strong></span> 
     </span>
     <span class='ocr_line' id='line_1_33' title="bbox 284 3812 1535 4028; baseline 0.006 -154"><span class='ocrx_word' id='word_1_283' title='bbox 284 3827 381 3875; x_wconf 83' lang='lat' dir='ltr'><strong>Graecia</strong></span> <span class='ocrx_word' id='word_1_284' title='bbox 395 3829 488 3890; x_wconf 80' lang='lat' dir='ltr'><strong>navigat</strong></span> <span class='ocrx_word' id='word_1_285' title='bbox 502 3830 527 3876; x_wconf 90' lang='lat' dir='ltr'><strong>in</strong></span> <span class='ocrx_word' id='word_1_286' title='bbox 542 3829 653 3894; x_wconf 84' lang='lat' dir='ltr'><strong>ltaliam,</strong></span> <span class='ocrx_word' id='word_1_287' title='bbox 668 3846 715 3877; x_wconf 91' lang='lat' dir='ltr'><strong>non</strong></span> <span class='ocrx_word' id='word_1_288' title='bbox 729 3840 816 3891; x_wconf 82' lang='lat' dir='ltr'><strong>partem</strong></span> <span class='ocrx_word' id='word_1_289' title='bbox 832 3832 952 3894; x_wconf 83' lang='lat' dir='ltr'><strong>quamdam</strong></span> <span class='ocrx_word' id='word_1_290' title='bbox 968 3848 1018 3878; x_wconf 82' lang='lat' dir='ltr'><strong>esse</strong></span> <span class='ocrx_word' id='word_1_291' title='bbox 1031 3832 1279 3896; x_wconf 70' lang='lat' dir='ltr'><strong>navigationiseSpria</strong></span> <span class='ocrx_word' id='word_1_292' title='bbox 1395 3812 1535 4028; x_wconf 41' lang='lat' dir='ltr'><strong>Mt(</strong></span> 
     </span>
     <span class='ocr_line' id='line_1_34' title="bbox 284 3860 1535 3985; baseline 0.006 -27"><span class='ocrx_word' id='word_1_293' title='bbox 284 3913 374 3972; x_wconf 82' lang='lat' dir='ltr'><strong>laetae,</strong></span> <span class='ocrx_word' id='word_1_294' title='bbox 389 3910 470 3958; x_wconf 81' lang='lat' dir='ltr'><strong>sodex</strong></span> <span class='ocrx_word' id='word_1_295' title='bbox 484 3912 534 3972; x_wconf 88' lang='lat' dir='ltr'><strong>ipsa</strong></span> <span class='ocrx_word' id='word_1_296' title='bbox 549 3913 645 3961; x_wconf 84' lang='lat' dir='ltr'><strong>Graecia</strong></span> <span class='ocrx_word' id='word_1_297' title='bbox 658 3913 790 3962; x_wconf 84' lang='lat' dir='ltr'><strong>institutum</strong></span> <span class='ocrx_word' id='word_1_298' title='bbox 803 3915 882 3963; x_wconf 87' lang='lat' dir='ltr'><strong>luisse.</strong></span> <span class='ocrx_word' id='word_1_299' title='bbox 911 3915 1029 3962; x_wconf 86' lang='lat' dir='ltr'><strong>Caeterum</strong></span> <span class='ocrx_word' id='word_1_300' title='bbox 1049 3916 1111 3977; x_wconf 87' lang='lat' dir='ltr'><strong>qnod</strong></span> <span class='ocrx_word' id='word_1_301' title='bbox 1131 3915 1182 3976; x_wconf 87' lang='lat' dir='ltr'><strong>ipso</strong></span> <span class='ocrx_word' id='word_1_302' title='bbox 1199 3917 1280 3979; x_wconf 84' lang='lat' dir='ltr'><strong>quinto</strong></span> <span class='ocrx_word' id='word_1_303' title='bbox 1316 3860 1345 3985; x_wconf 54' lang='grc' dir='ltr'><strong><em>Γ</em></strong></span> <span class='ocrx_word' id='word_1_304' title='bbox 1377 3945 1379 3952; x_wconf 68' lang='lat'><em>,</em></span> <span class='ocrx_word' id='word_1_305' title='bbox 1487 3893 1535 3936; x_wconf 48' lang='grc' dir='ltr'><strong><em>Ι</em></strong></span> 
     </span>
     <span class='ocr_line' id='line_1_35' title="bbox 284 3995 1326 4064; baseline 0.005 -18"><span class='ocrx_word' id='word_1_306' title='bbox 284 4007 308 4046; x_wconf 81' lang='lat' dir='ltr'><strong>et</strong></span> <span class='ocrx_word' id='word_1_307' title='bbox 322 3995 431 4045; x_wconf 83' lang='lat' dir='ltr'><strong>vicesimo</strong></span> <span class='ocrx_word' id='word_1_308' title='bbox 444 3997 526 4044; x_wconf 85' lang='lat' dir='ltr'><strong>aetatis</strong></span> <span class='ocrx_word' id='word_1_309' title='bbox 539 4013 600 4044; x_wconf 87' lang='lat' dir='ltr'><strong>anno</strong></span> <span class='ocrx_word' id='word_1_310' title='bbox 612 3997 636 4045; x_wconf 88' lang='lat' dir='ltr'><strong>in</strong></span> <span class='ocrx_word' id='word_1_311' title='bbox 650 3999 742 4047; x_wconf 81' lang='lat' dir='ltr'><strong>Italiam</strong></span> <span class='ocrx_word' id='word_1_312' title='bbox 751 4001 892 4064; x_wconf 83' lang='lat' dir='ltr'><strong>pervenerit,</strong></span> <span class='ocrx_word' id='word_1_313' title='bbox 904 4002 998 4050; x_wconf 82' lang='lat' dir='ltr'><strong>ductum</strong></span> <span class='ocrx_word' id='word_1_314' title='bbox 1012 4009 1072 4048; x_wconf 86' lang='lat' dir='ltr'><strong>este</strong></span> <span class='ocrx_word' id='word_1_315' title='bbox 1087 4001 1212 4049; x_wconf 84' lang='lat' dir='ltr'><strong>collatione</strong></span> <span class='ocrx_word' id='word_1_316' title='bbox 1229 4004 1277 4050; x_wconf 87' lang='lat' dir='ltr'><strong>dia·</strong></span> <span class='ocrx_word' id='word_1_317' title='bbox 1323 4025 1326 4035; x_wconf 86' lang='lat'>·</span> 
     </span>
    </p>
   </div>
   <div class='ocr_carea' id='block_1_8' title="bbox 285 4063 1518 4290">
    <p class='ocr_par' dir='ltr' id='par_1_8' title="bbox 285 4063 1518 4290">
     <span class='ocr_line' id='line_1_36' title="bbox 285 4063 1518 4290; baseline 0.008 -162"><span class='ocrx_word' id='word_1_318' title='bbox 285 4081 332 4144; x_wconf 78' lang='lat' dir='ltr'><strong>logi</strong></span> <span class='ocrx_word' id='word_1_319' title='bbox 352 4080 441 4145; x_wconf 83' lang='lat' dir='ltr'><strong>Nigrini</strong></span> <span class='ocrx_word' id='word_1_320' title='bbox 459 4097 510 4128; x_wconf 88' lang='lat' dir='ltr'><strong>eum</strong></span> <span class='ocrx_word' id='word_1_321' title='bbox 528 4081 678 4144; x_wconf 83' lang='lat' dir='ltr'><strong>Hermotimi,</strong></span> <span class='ocrx_word' id='word_1_322' title='bbox 694 4101 714 4132; x_wconf 86' lang='lat' dir='ltr'><strong>e</strong></span> <span class='ocrx_word' id='word_1_323' title='bbox 730 4082 762 4134; x_wconf 83' lang='lat'><strong>24</strong></span> <span class='ocrx_word' id='word_1_324' title='bbox 776 4096 831 4136; x_wconf 87' lang='lat' dir='ltr'><strong>ete.</strong></span> <span class='ocrx_word' id='word_1_325' title='bbox 850 4085 895 4143; x_wconf 87' lang='lat'><strong>13;</strong></span> <span class='ocrx_word' id='word_1_326' title='bbox 917 4087 944 4133; x_wconf 87' lang='lat' dir='ltr'><strong>de</strong></span> <span class='ocrx_word' id='word_1_327' title='bbox 959 4091 1028 4154; x_wconf 74' lang='lat' dir='ltr'><strong>eujus</strong></span> <span class='ocrx_word' id='word_1_328' title='bbox 1045 4086 1131 4147; x_wconf 71' lang='lat' dir='ltr'><strong>dialog</strong></span> <span class='ocrx_word' id='word_1_329' title='bbox 1150 4096 1222 4136; x_wconf 83' lang='lat' dir='ltr'><strong>aetate</strong></span> <span class='ocrx_word' id='word_1_330' title='bbox 1237 4105 1276 4136; x_wconf 86' lang='lat' dir='ltr'><strong>eur</strong></span> <span class='ocrx_word' id='word_1_331' title='bbox 1346 4115 1378 4178; x_wconf 61' lang='lat' dir='ltr'><em>W</em></span> <span class='ocrx_word' id='word_1_332' title='bbox 1331 4063 1518 4290; x_wconf 41' lang='lat' dir='ltr'><em>W</em></span> 
     </span>
    </p>
   </div>
   <div class='ocr_carea' id='block_1_9' title="bbox 288 4166 732 4230">
    <p class='ocr_par' dir='ltr' id='par_1_9' title="bbox 288 4166 732 4230">
     <span class='ocr_line' id='line_1_37' title="bbox 288 4166 732 4230; baseline 0.009 -17"><span class='ocrx_word' id='word_1_333' title='bbox 288 4166 355 4216; x_wconf 85' lang='lat' dir='ltr'><strong>aliter</strong></span> <span class='ocrx_word' id='word_1_334' title='bbox 367 4166 491 4216; x_wconf 86' lang='lat' dir='ltr'><strong>sentiamus</strong></span> <span class='ocrx_word' id='word_1_335' title='bbox 505 4168 564 4217; x_wconf 87' lang='lat' dir='ltr'><strong>iulra</strong></span> <span class='ocrx_word' id='word_1_336' title='bbox 577 4171 732 4230; x_wconf 84' lang='lat' dir='ltr'><strong>exposuimus.</strong></span> 
     </span>
    </p>
   </div>
   <div class='ocr_carea' id='block_1_10' title="bbox 0 0 1591 5018">
    <p class='ocr_par' dir='ltr' id='par_1_10' title="bbox 0 0 1591 5018">
     <span class='ocr_line' id='line_1_38' title="bbox 0 0 1591 5018; baseline 0 0"><span class='ocrx_word' id='word_1_337' title='bbox 0 0 1591 5018; x_wconf 95' lang='lat' dir='ltr'><strong> </strong></span> 
     </span>
    </p>
   </div>
  </div>
 </body>
</html>
