<?xml version="1.0" encoding="UTF-8"?>
<!DOCTYPE html PUBLIC "-//W3C//DTD XHTML 1.0 Transitional//EN"
    "http://www.w3.org/TR/xhtml1/DTD/xhtml1-transitional.dtd">
<html xmlns="http://www.w3.org/1999/xhtml" xml:lang="en" lang="en">
 <head>
  <title>
</title>
<meta http-equiv="Content-Type" content="text/html;charset=utf-8" />
  <meta name='ocr-system' content='tesseract 3.04.00' />
  <meta name='ocr-capabilities' content='ocr_page ocr_carea ocr_par ocr_line ocrx_word'/>
</head>
<body>
  <div class='ocr_page' id='page_1' title='image "./dissertatiolite00meesgoog_0048.png"; bbox 0 0 3160 5018; ppageno 0'>
   <div class='ocr_carea' id='block_1_1' title="bbox 757 445 800 505">
    <p class='ocr_par' dir='ltr' id='par_1_1' title="bbox 757 445 800 505">
     <span class='ocr_line' id='line_1_1' title="bbox 757 445 800 505; baseline 0.023 -1"><span class='ocrx_word' id='word_1_1' title='bbox 757 445 800 505; x_wconf 78' lang='lat'><strong>33</strong></span> 
     </span>
    </p>
   </div>
   <div class='ocr_carea' id='block_1_2' title="bbox 279 629 1282 2017">
    <p class='ocr_par' dir='ltr' id='par_1_2' title="bbox 279 629 1282 2017">
     <span class='ocr_line' id='line_1_2' title="bbox 282 629 1274 720; baseline 0.014 -30"><span class='ocrx_word' id='word_1_2' title='bbox 282 629 351 694; x_wconf 85' lang='lat' dir='ltr'><strong>luit.</strong></span> <span class='ocrx_word' id='word_1_3' title='bbox 376 631 554 698; x_wconf 80' lang='lat' dir='ltr'>Consimilis</span> <span class='ocrx_word' id='word_1_4' title='bbox 565 634 748 720; x_wconf 85' lang='lat' dir='ltr'><strong>argumenti</strong></span> <span class='ocrx_word' id='word_1_5' title='bbox 757 635 917 700; x_wconf 90' lang='lat' dir='ltr'><strong>Lucianus</strong></span> <span class='ocrx_word' id='word_1_6' title='bbox 929 635 1162 702; x_wconf 88' lang='lat' dir='ltr'><strong>oratiunculam</strong></span> <span class='ocrx_word' id='word_1_7' title='bbox 1176 639 1252 703; x_wconf 87' lang='lat' dir='ltr'><strong>lecit</strong></span> <span class='ocrx_word' id='word_1_8' title='bbox 1264 689 1274 720; x_wconf 89' lang='lat'><strong>,</strong></span> 
     </span>
     <span class='ocr_line' id='line_1_3' title="bbox 281 748 1277 841; baseline 0.009 -30"><span class='ocrx_word' id='word_1_9' title='bbox 281 752 312 812; x_wconf 90' lang='lat' dir='ltr'><strong>iu</strong></span> <span class='ocrx_word' id='word_1_10' title='bbox 326 770 391 834; x_wconf 84' lang='lat' dir='ltr'><strong>qua</strong></span> <span class='ocrx_word' id='word_1_11' title='bbox 409 748 546 813; x_wconf 77' lang='lat' dir='ltr'><strong>Maroae</strong></span> <span class='ocrx_word' id='word_1_12' title='bbox 561 751 695 816; x_wconf 82' lang='lat' dir='ltr'><strong>formam</strong></span> <span class='ocrx_word' id='word_1_13' title='bbox 709 761 740 816; x_wconf 89' lang='lat' dir='ltr'><strong>et</strong></span> <span class='ocrx_word' id='word_1_14' title='bbox 761 751 894 816; x_wconf 84' lang='lat' dir='ltr'><strong>virtutes</strong></span> <span class='ocrx_word' id='word_1_15' title='bbox 908 753 1098 836; x_wconf 74' lang='lat' dir='ltr'><strong>explicavit,</strong></span> <span class='ocrx_word' id='word_1_16' title='bbox 1120 757 1153 819; x_wconf 92' lang='lat' dir='ltr'><strong>in</strong></span> <span class='ocrx_word' id='word_1_17' title='bbox 1165 759 1277 841; x_wconf 87' lang='lat' dir='ltr'><strong>primis</strong></span> 
     </span>
     <span class='ocr_line' id='line_1_4' title="bbox 280 868 1276 955; baseline 0.011 -29"><span class='ocrx_word' id='word_1_18' title='bbox 280 869 496 955; x_wconf 74' lang='lat' dir='ltr'><strong>singularem,</strong></span> <span class='ocrx_word' id='word_1_19' title='bbox 527 879 558 933; x_wconf 87' lang='lat' dir='ltr'><strong>et</strong></span> <span class='ocrx_word' id='word_1_20' title='bbox 587 870 628 935; x_wconf 89' lang='lat' dir='ltr'><strong>ab</strong></span> <span class='ocrx_word' id='word_1_21' title='bbox 653 871 791 934; x_wconf 87' lang='lat' dir='ltr'><strong>Homero</strong></span> <span class='ocrx_word' id='word_1_22' title='bbox 821 868 898 933; x_wconf 90' lang='lat' dir='ltr'><strong>olim</strong></span> <span class='ocrx_word' id='word_1_23' title='bbox 927 871 1121 937; x_wconf 81' lang='lat' dir='ltr'><strong>celebratam</strong></span> <span class='ocrx_word' id='word_1_24' title='bbox 1148 873 1276 938; x_wconf 87' lang='lat' dir='ltr'><strong>fortitu-</strong></span> 
     </span>
     <span class='ocr_line' id='line_1_5' title="bbox 280 985 1276 1076; baseline 0.005 -29"><span class='ocrx_word' id='word_1_25' title='bbox 280 985 388 1051; x_wconf 86' lang='lat' dir='ltr'>dinem</span> <span class='ocrx_word' id='word_1_26' title='bbox 402 996 411 1031; x_wconf 89' lang='lat'><strong>¹</strong></span> <span class='ocrx_word' id='word_1_27' title='bbox 426 1037 434 1066; x_wconf 96' lang='lat'><strong>,</strong></span> <span class='ocrx_word' id='word_1_28' title='bbox 452 998 549 1076; x_wconf 87' lang='lat' dir='ltr'><strong>atque</strong></span> <span class='ocrx_word' id='word_1_29' title='bbox 561 989 773 1054; x_wconf 80' lang='lat' dir='ltr'><strong>immortalem</strong></span> <span class='ocrx_word' id='word_1_30' title='bbox 791 987 859 1072; x_wconf 89' lang='lat' dir='ltr'><strong>ejus</strong></span> <span class='ocrx_word' id='word_1_31' title='bbox 872 988 1051 1054; x_wconf 82' lang='lat' dir='ltr'><strong>naturam¹.</strong></span> <span class='ocrx_word' id='word_1_32' title='bbox 1074 990 1165 1055; x_wconf 90' lang='lat' dir='ltr'><strong>Idem</strong></span> <span class='ocrx_word' id='word_1_33' title='bbox 1179 988 1276 1055; x_wconf 91' lang='lat' dir='ltr'><strong>habet</strong></span> 
     </span>
     <span class='ocr_line' id='line_1_6' title="bbox 281 1106 1277 1194; baseline 0.002 -26"><span class='ocrx_word' id='word_1_34' title='bbox 281 1127 382 1190; x_wconf 88' lang='lat' dir='ltr'><strong>genus</strong></span> <span class='ocrx_word' id='word_1_35' title='bbox 419 1106 472 1170; x_wconf 90' lang='lat' dir='ltr'><strong>sed</strong></span> <span class='ocrx_word' id='word_1_36' title='bbox 509 1106 702 1171; x_wconf 78' lang='lat' dir='ltr'><strong>deteriorem</strong></span> <span class='ocrx_word' id='word_1_37' title='bbox 745 1119 853 1173; x_wconf 89' lang='lat' dir='ltr'><strong>notam</strong></span> <span class='ocrx_word' id='word_1_38' title='bbox 894 1107 993 1194; x_wconf 86' lang='lat' dir='ltr'><strong>longa</strong></span> <span class='ocrx_word' id='word_1_39' title='bbox 1028 1106 1203 1192; x_wconf 87' lang='lat' dir='ltr'><strong>disputatio</strong></span> <span class='ocrx_word' id='word_1_40' title='bbox 1236 1107 1277 1171; x_wconf 80' lang='lat' dir='ltr'><strong>de</strong></span> 
     </span>
     <span class='ocr_line' id='line_1_7' title="bbox 280 1220 1276 1312; baseline 0.003 -28"><span class='ocrx_word' id='word_1_41' title='bbox 280 1220 487 1304; x_wconf 73' lang='lat' dir='ltr'><strong>saltatione,</strong></span> <span class='ocrx_word' id='word_1_42' title='bbox 521 1245 606 1312; x_wconf 86' lang='lat' dir='ltr'><strong>quae</strong></span> <span class='ocrx_word' id='word_1_43' title='bbox 633 1225 737 1311; x_wconf 91' lang='lat' dir='ltr'><strong>prima</strong></span> <span class='ocrx_word' id='word_1_44' title='bbox 769 1225 900 1312; x_wconf 88' lang='lat' dir='ltr'><strong>quidem</strong></span> <span class='ocrx_word' id='word_1_45' title='bbox 935 1226 1041 1290; x_wconf 77' lang='lat' dir='ltr'><strong>fronte</strong></span> <span class='ocrx_word' id='word_1_46' title='bbox 1070 1225 1175 1289; x_wconf 88' lang='lat' dir='ltr'><strong>irrisio</strong></span> <span class='ocrx_word' id='word_1_47' title='bbox 1209 1247 1276 1288; x_wconf 87' lang='lat' dir='ltr'><strong>esso</strong></span> 
     </span>
     <span class='ocr_line' id='line_1_8' title="bbox 283 1339 1278 1430; baseline 0.001 -27"><span class='ocrx_word' id='word_1_48' title='bbox 283 1339 426 1406; x_wconf 86' lang='lat' dir='ltr'><strong>videatur</strong></span> <span class='ocrx_word' id='word_1_49' title='bbox 461 1343 637 1408; x_wconf 85' lang='lat' dir='ltr'><strong>levi-ssimae</strong></span> <span class='ocrx_word' id='word_1_50' title='bbox 672 1343 747 1407; x_wconf 88' lang='lat' dir='ltr'><strong>artis</strong></span> <span class='ocrx_word' id='word_1_51' title='bbox 775 1341 987 1430; x_wconf 84' lang='lat' dir='ltr'><strong>sophisticae,</strong></span> <span class='ocrx_word' id='word_1_52' title='bbox 1023 1365 1135 1408; x_wconf 82' lang='lat' dir='ltr'><strong>verum</strong></span> <span class='ocrx_word' id='word_1_53' title='bbox 1167 1363 1278 1428; x_wconf 85' lang='lat' dir='ltr'><strong>reapse</strong></span> 
     </span>
     <span class='ocr_line' id='line_1_9' title="bbox 281 1459 1280 1544; baseline 0.005 -25"><span class='ocrx_word' id='word_1_54' title='bbox 281 1459 443 1542; x_wconf 80' lang='lat' dir='ltr'><strong>specimen</strong></span> <span class='ocrx_word' id='word_1_55' title='bbox 464 1459 533 1544; x_wconf 89' lang='lat' dir='ltr'><strong>ejus</strong></span> <span class='ocrx_word' id='word_1_56' title='bbox 560 1460 700 1528; x_wconf 80' lang='lat' dir='ltr'><strong>exhibet.</strong></span> <span class='ocrx_word' id='word_1_57' title='bbox 724 1462 804 1529; x_wconf 84' lang='lat' dir='ltr'><strong>Cum</strong></span> <span class='ocrx_word' id='word_1_58' title='bbox 829 1463 930 1527; x_wconf 90' lang='lat' dir='ltr'><strong>multa</strong></span> <span class='ocrx_word' id='word_1_59' title='bbox 951 1461 1117 1528; x_wconf 90' lang='lat' dir='ltr'><strong>doctrinae</strong></span> <span class='ocrx_word' id='word_1_60' title='bbox 1142 1474 1280 1527; x_wconf 87' lang='lat' dir='ltr'><strong>ostenta-</strong></span> 
     </span>
     <span class='ocr_line' id='line_1_10' title="bbox 282 1575 1279 1667; baseline 0.006 -28"><span class='ocrx_word' id='word_1_61' title='bbox 282 1575 395 1641; x_wconf 77' lang='lat' dir='ltr'><strong>tiono³</strong></span> <span class='ocrx_word' id='word_1_62' title='bbox 426 1578 567 1664; x_wconf 88' lang='lat' dir='ltr'><strong>primum</strong></span> <span class='ocrx_word' id='word_1_63' title='bbox 596 1579 630 1642; x_wconf 93' lang='lat' dir='ltr'><strong>in</strong></span> <span class='ocrx_word' id='word_1_64' title='bbox 662 1580 719 1643; x_wconf 92' lang='lat' dir='ltr'><strong>illo</strong></span> <span class='ocrx_word' id='word_1_65' title='bbox 755 1580 921 1644; x_wconf 87' lang='lat' dir='ltr'><strong>universae</strong></span> <span class='ocrx_word' id='word_1_66' title='bbox 947 1581 1124 1646; x_wconf 87' lang='lat' dir='ltr'><strong>saltationis</strong></span> <span class='ocrx_word' id='word_1_67' title='bbox 1146 1581 1279 1667; x_wconf 88' lang='lat' dir='ltr'><strong>antiqua</strong></span> 
     </span>
     <span class='ocr_line' id='line_1_11' title="bbox 281 1696 1281 1781; baseline 0.003 -24"><span class='ocrx_word' id='word_1_68' title='bbox 281 1697 455 1760; x_wconf 89' lang='lat' dir='ltr'><strong>auctoritas</strong></span> <span class='ocrx_word' id='word_1_69' title='bbox 468 1709 501 1761; x_wconf 87' lang='lat' dir='ltr'><strong>et</strong></span> <span class='ocrx_word' id='word_1_70' title='bbox 518 1697 651 1760; x_wconf 87' lang='lat' dir='ltr'><strong>historia</strong></span> <span class='ocrx_word' id='word_1_71' title='bbox 669 1708 855 1770; x_wconf 85' lang='lat' dir='ltr'><strong>enarratur,</strong></span> <span class='ocrx_word' id='word_1_72' title='bbox 878 1696 996 1762; x_wconf 89' lang='lat' dir='ltr'><strong>deindo</strong></span> <span class='ocrx_word' id='word_1_73' title='bbox 1010 1699 1281 1781; x_wconf 89' lang='lat' dir='ltr'><strong>pantomimorum</strong></span> 
     </span>
     <span class='ocr_line' id='line_1_12' title="bbox 282 1813 1279 1898; baseline 0.003 -23"><span class='ocrx_word' id='word_1_74' title='bbox 282 1814 468 1879; x_wconf 90' lang='lat' dir='ltr'><strong>nominatim</strong></span> <span class='ocrx_word' id='word_1_75' title='bbox 489 1814 683 1898; x_wconf 89' lang='lat' dir='ltr'><strong>praestantia</strong></span> <span class='ocrx_word' id='word_1_76' title='bbox 712 1813 903 1897; x_wconf 79' lang='lat' dir='ltr'><strong>exponitur:</strong></span> <span class='ocrx_word' id='word_1_77' title='bbox 932 1824 969 1876; x_wconf 92' lang='lat' dir='ltr'><strong>ut</strong></span> <span class='ocrx_word' id='word_1_78' title='bbox 993 1834 1105 1877; x_wconf 93' lang='lat' dir='ltr'><strong>eorum</strong></span> <span class='ocrx_word' id='word_1_79' title='bbox 1129 1835 1180 1878; x_wconf 88' lang='lat' dir='ltr'><strong>ars</strong></span> <span class='ocrx_word' id='word_1_80' title='bbox 1202 1835 1279 1878; x_wconf 92' lang='lat' dir='ltr'><strong>con-</strong></span> 
     </span>
     <span class='ocr_line' id='line_1_13' title="bbox 279 1928 1282 2017; baseline -0.002 -21"><span class='ocrx_word' id='word_1_81' title='bbox 279 1934 393 2017; x_wconf 88' lang='lat' dir='ltr'><strong>juncta</strong></span> <span class='ocrx_word' id='word_1_82' title='bbox 421 1931 462 1995; x_wconf 89' lang='lat' dir='ltr'><strong>sit</strong></span> <span class='ocrx_word' id='word_1_83' title='bbox 477 1951 553 1994; x_wconf 88' lang='lat' dir='ltr'><strong>cnm</strong></span> <span class='ocrx_word' id='word_1_84' title='bbox 576 1931 663 1995; x_wconf 90' lang='lat' dir='ltr'><strong>omni</strong></span> <span class='ocrx_word' id='word_1_85' title='bbox 682 1931 786 1996; x_wconf 91' lang='lat' dir='ltr'><strong>studio</strong></span> <span class='ocrx_word' id='word_1_86' title='bbox 806 1928 1037 2010; x_wconf 86' lang='lat' dir='ltr'><strong>humanitatis,</strong></span> <span class='ocrx_word' id='word_1_87' title='bbox 1062 1940 1093 1995; x_wconf 92' lang='lat' dir='ltr'><strong>et</strong></span> <span class='ocrx_word' id='word_1_88' title='bbox 1113 1952 1191 2017; x_wconf 87' lang='lat' dir='ltr'><strong>prae</strong></span> <span class='ocrx_word' id='word_1_89' title='bbox 1217 1942 1282 1994; x_wconf 87' lang='lat' dir='ltr'><strong>tra-</strong></span> 
     </span>
    </p>
   </div>
   <div class='ocr_carea' id='block_1_3' title="bbox 282 2045 1280 2138">
    <p class='ocr_par' dir='ltr' id='par_1_3' title="bbox 282 2045 1280 2138">
     <span class='ocr_line' id='line_1_14' title="bbox 282 2045 1280 2138; baseline -0.002 -24"><span class='ocrx_word' id='word_1_90' title='bbox 282 2050 397 2137; x_wconf 84' lang='lat' dir='ltr'><strong>goedia</strong></span> <span class='ocrx_word' id='word_1_91' title='bbox 422 2060 454 2113; x_wconf 87' lang='lat' dir='ltr'><strong>et</strong></span> <span class='ocrx_word' id='word_1_92' title='bbox 476 2045 665 2114; x_wconf 70' lang='lat' dir='ltr'><strong>comoedia*</strong></span> <span class='ocrx_word' id='word_1_93' title='bbox 689 2060 720 2113; x_wconf 86' lang='lat' dir='ltr'><strong>et</strong></span> <span class='ocrx_word' id='word_1_94' title='bbox 738 2048 959 2138; x_wconf 74' lang='lat' dir='ltr'><strong>gymnastica⁵</strong></span> <span class='ocrx_word' id='word_1_95' title='bbox 975 2047 1114 2111; x_wconf 90' lang='lat' dir='ltr'><strong>multum</strong></span> <span class='ocrx_word' id='word_1_96' title='bbox 1125 2048 1280 2128; x_wconf 81' lang='lat' dir='ltr'><strong>excellat,</strong></span> 
     </span>
    </p>
   </div>
   <div class='ocr_carea' id='block_1_4' title="bbox 280 2164 1281 2609">
    <p class='ocr_par' dir='ltr' id='par_1_4' title="bbox 280 2164 1281 2374">
     <span class='ocr_line' id='line_1_15' title="bbox 281 2164 1281 2256; baseline -0.005 -23"><span class='ocrx_word' id='word_1_97' title='bbox 281 2169 423 2256; x_wconf 89' lang='lat' dir='ltr'><strong>denique</strong></span> <span class='ocrx_word' id='word_1_98' title='bbox 456 2190 521 2232; x_wconf 89' lang='lat' dir='ltr'><strong>una</strong></span> <span class='ocrx_word' id='word_1_99' title='bbox 550 2168 585 2233; x_wconf 90' lang='lat' dir='ltr'><strong>in</strong></span> <span class='ocrx_word' id='word_1_100' title='bbox 616 2169 729 2253; x_wconf 88' lang='lat' dir='ltr'><strong>paucis</strong></span> <span class='ocrx_word' id='word_1_101' title='bbox 761 2166 873 2235; x_wconf 79' lang='lat' dir='ltr'><strong>efficax</strong></span> <span class='ocrx_word' id='word_1_102' title='bbox 901 2166 942 2230; x_wconf 90' lang='lat' dir='ltr'><strong>sit</strong></span> <span class='ocrx_word' id='word_1_103' title='bbox 970 2164 1011 2230; x_wconf 90' lang='lat' dir='ltr'><strong>ad</strong></span> <span class='ocrx_word' id='word_1_104' title='bbox 1036 2165 1281 2232; x_wconf 77' lang='lat' dir='ltr'><strong>conformandos</strong></span> 
     </span>
     <span class='ocr_line' id='line_1_16' title="bbox 280 2286 714 2374; baseline 0.009 -25"><span class='ocrx_word' id='word_1_105' title='bbox 280 2286 559 2374; x_wconf 91' lang='lat' dir='ltr'><strong>emendandosque</strong></span> <span class='ocrx_word' id='word_1_106' title='bbox 578 2295 714 2353; x_wconf 64' lang='lat' dir='ltr'><strong>moresss.</strong></span> 
     </span>
    </p>

    <p class='ocr_par' dir='ltr' id='par_1_5' title="bbox 281 2402 1280 2609">
     <span class='ocr_line' id='line_1_17' title="bbox 323 2402 1280 2489; baseline -0.005 -18"><span class='ocrx_word' id='word_1_107' title='bbox 323 2409 389 2471; x_wconf 93' lang='lat' dir='ltr'><strong>lam</strong></span> <span class='ocrx_word' id='word_1_108' title='bbox 407 2403 564 2489; x_wconf 90' lang='lat' dir='ltr'><strong>ejusmodi</strong></span> <span class='ocrx_word' id='word_1_109' title='bbox 577 2404 762 2467; x_wconf 88' lang='lat' dir='ltr'><strong>libellorum</strong></span> <span class='ocrx_word' id='word_1_110' title='bbox 779 2404 856 2467; x_wconf 92' lang='lat' dir='ltr'><strong>licet</strong></span> <span class='ocrx_word' id='word_1_111' title='bbox 869 2404 947 2489; x_wconf 89' lang='lat' dir='ltr'><strong>jure</strong></span> <span class='ocrx_word' id='word_1_112' title='bbox 966 2405 1041 2489; x_wconf 83' lang='lat' dir='ltr'><strong>quis</strong></span> <span class='ocrx_word' id='word_1_113' title='bbox 1061 2415 1162 2468; x_wconf 87' lang='lat' dir='ltr'><strong>artem</strong></span> <span class='ocrx_word' id='word_1_114' title='bbox 1179 2402 1280 2468; x_wconf 84' lang='lat' dir='ltr'><strong>admi-</strong></span> 
     </span>
     <span class='ocr_line' id='line_1_18' title="bbox 281 2519 1277 2609; baseline -0.01 -19"><span class='ocrx_word' id='word_1_115' title='bbox 281 2539 390 2603; x_wconf 82' lang='lat' dir='ltr'><strong>retur,</strong></span> <span class='ocrx_word' id='word_1_116' title='bbox 423 2523 570 2609; x_wconf 87' lang='lat' dir='ltr'><strong>profecto</strong></span> <span class='ocrx_word' id='word_1_117' title='bbox 604 2541 698 2583; x_wconf 90' lang='lat' dir='ltr'><strong>nemo</strong></span> <span class='ocrx_word' id='word_1_118' title='bbox 731 2519 862 2605; x_wconf 86' lang='lat' dir='ltr'><strong>negabit</strong></span> <span class='ocrx_word' id='word_1_119' title='bbox 904 2520 1085 2584; x_wconf 85' lang='lat' dir='ltr'><strong>universam</strong></span> <span class='ocrx_word' id='word_1_120' title='bbox 1122 2519 1277 2582; x_wconf 88' lang='lat' dir='ltr'><strong>rationem</strong></span> 
     </span>
    </p>
   </div>
   <div class='ocr_carea' id='block_1_5' title="bbox 275 2824 1281 3072">
    <p class='ocr_par' dir='ltr' id='par_1_6' title="bbox 275 2824 1281 3072">
     <span class='ocr_line' id='line_1_19' title="bbox 277 2824 1281 2900; baseline -0.009 -18"><span class='ocrx_word' id='word_1_121' title='bbox 277 2837 319 2884; x_wconf 89' lang='lat' dir='ltr'><strong>lib.</strong></span> <span class='ocrx_word' id='word_1_122' title='bbox 334 2837 363 2898; x_wconf 92' lang='lat' dir='ltr'><strong>l,</strong></span> <span class='ocrx_word' id='word_1_123' title='bbox 380 2834 404 2885; x_wconf 89' lang='lat'><strong>7.</strong></span> <span class='ocrx_word' id='word_1_124' title='bbox 417 2835 431 2900; x_wconf 64' lang='lat' dir='ltr'><strong>d</strong></span> <span class='ocrx_word' id='word_1_125' title='bbox 449 2832 472 2881; x_wconf 92' lang='lat' dir='ltr'><strong>l.</strong></span> <span class='ocrx_word' id='word_1_126' title='bbox 491 2833 570 2881; x_wconf 82' lang='lat' dir='ltr'><strong>Olear.</strong></span> <span class='ocrx_word' id='word_1_127' title='bbox 586 2849 608 2894; x_wconf 92' lang='lat' dir='ltr'><strong>p.</strong></span> <span class='ocrx_word' id='word_1_128' title='bbox 622 2829 686 2894; x_wconf 75' lang='lat'><strong>487,</strong></span> <span class='ocrx_word' id='word_1_129' title='bbox 702 2830 834 2894; x_wconf 76' lang='lat' dir='ltr'><strong>subjungit:</strong></span> <span class='ocrx_word' id='word_1_130' title='bbox 854 2828 900 2878; x_wconf 80' lang='lat' dir='ltr'><strong>aul</strong></span> <span class='ocrx_word' id='word_1_131' title='bbox 915 2826 1003 2878; x_wconf 75' lang='grc' dir='ltr'>ὁπόσα</span> <span class='ocrx_word' id='word_1_132' title='bbox 1014 2826 1066 2894; x_wconf 75' lang='grc' dir='ltr'><strong>οὐχ</strong></span> <span class='ocrx_word' id='word_1_133' title='bbox 1078 2825 1147 2895; x_wconf 67' lang='grc' dir='ltr'><strong>ὑπὲρ</strong></span> <span class='ocrx_word' id='word_1_134' title='bbox 1159 2824 1281 2890; x_wconf 72' lang='grc' dir='ltr'><strong>μεγάλων</strong></span> 
     </span>
     <span class='ocr_line' id='line_1_20' title="bbox 275 2909 1279 2984; baseline -0.014 -16"><span class='ocrx_word' id='word_1_135' title='bbox 275 2919 458 2970; x_wconf 71' lang='lat' dir='ltr'><strong>touotoaom</strong></span> <span class='ocrx_word' id='word_1_136' title='bbox 470 2914 509 2984; x_wconf 79' lang='grc' dir='ltr'><strong>τῷ</strong></span> <span class='ocrx_word' id='word_1_137' title='bbox 524 2915 619 2976; x_wconf 74' lang='grc' dir='ltr'><strong><em>Δίωνι,</em></strong></span> <span class='ocrx_word' id='word_1_138' title='bbox 640 2916 677 2980; x_wconf 81' lang='grc' dir='ltr'><strong>μὴ</strong></span> <span class='ocrx_word' id='word_1_139' title='bbox 694 2913 774 2984; x_wconf 76' lang='grc' dir='ltr'><strong><em>μικρὰ</em></strong></span> <span class='ocrx_word' id='word_1_140' title='bbox 793 2911 943 2978; x_wconf 74' lang='grc' dir='ltr'><strong>ἡγώμεθα,</strong></span> <span class='ocrx_word' id='word_1_141' title='bbox 962 2909 1032 2960; x_wconf 73' lang='grc' dir='ltr'><strong>ἀλλὰ</strong></span> <span class='ocrx_word' id='word_1_142' title='bbox 1046 2909 1190 2970; x_wconf 76' lang='grc' dir='ltr'><strong><em>σοφιστικά·</em></strong></span> <span class='ocrx_word' id='word_1_143' title='bbox 1205 2921 1279 2966; x_wconf 72' lang='grc' dir='ltr'><strong><em>σοφι-</em></strong></span> 
     </span>
     <span class='ocr_line' id='line_1_21' title="bbox 276 2997 927 3072; baseline -0.011 -19"><span class='ocrx_word' id='word_1_144' title='bbox 276 3005 339 3053; x_wconf 79' lang='grc' dir='ltr'><strong>στοῦ</strong></span> <span class='ocrx_word' id='word_1_145' title='bbox 356 3004 408 3072; x_wconf 70' lang='grc' dir='ltr'><strong>γὰρ</strong></span> <span class='ocrx_word' id='word_1_146' title='bbox 420 3003 452 3052; x_wconf 87' lang='grc' dir='ltr'><strong>τὸ</strong></span> <span class='ocrx_word' id='word_1_147' title='bbox 468 3001 516 3050; x_wconf 76' lang='grc' dir='ltr'><strong>καὶ</strong></span> <span class='ocrx_word' id='word_1_148' title='bbox 534 2997 603 3068; x_wconf 73' lang='grc' dir='ltr'><strong>ὑπὲρ</strong></span> <span class='ocrx_word' id='word_1_149' title='bbox 616 2997 744 3048; x_wconf 72' lang='grc' dir='ltr'><strong>τοιούτων</strong></span> <span class='ocrx_word' id='word_1_150' title='bbox 755 2997 927 3062; x_wconf 72' lang='grc' dir='ltr'><strong>σπουδάζειν.</strong></span> 
     </span>
    </p>
   </div>
   <div class='ocr_carea' id='block_1_6' title="bbox 275 3110 1276 3432">
    <p class='ocr_par' dir='ltr' id='par_1_7' title="bbox 312 3110 853 3174">
     <span class='ocr_line' id='line_1_22' title="bbox 312 3110 853 3174; baseline -0.009 -8"><span class='ocrx_word' id='word_1_151' title='bbox 312 3117 320 3150; x_wconf 85' lang='lat'>¹</span> <span class='ocrx_word' id='word_1_152' title='bbox 342 3117 412 3166; x_wconf 79' lang='lat' dir='ltr'><strong>llosc.</strong></span> <span class='ocrx_word' id='word_1_153' title='bbox 428 3117 523 3165; x_wconf 85' lang='lat' dir='ltr'><strong>Enoom.</strong></span> <span class='ocrx_word' id='word_1_154' title='bbox 536 3131 557 3164; x_wconf 88' lang='lat' dir='ltr'><strong>e.</strong></span> <span class='ocrx_word' id='word_1_155' title='bbox 570 3114 595 3162; x_wconf 89' lang='lat'><strong>5.</strong></span> <span class='ocrx_word' id='word_1_156' title='bbox 609 3113 678 3162; x_wconf 77' lang='lat' dir='ltr'><strong>Iliad.</strong></span> <span class='ocrx_word' id='word_1_157' title='bbox 694 3113 781 3174; x_wconf 83' lang='lat' dir='ltr'>XVII,</span> <span class='ocrx_word' id='word_1_158' title='bbox 795 3110 853 3162; x_wconf 85' lang='lat'><strong>570.</strong></span> 
     </span>
    </p>

    <p class='ocr_par' dir='ltr' id='par_1_8' title="bbox 275 3210 1276 3432">
     <span class='ocr_line' id='line_1_23' title="bbox 312 3210 1276 3272; baseline -0.002 -9"><span class='ocrx_word' id='word_1_159' title='bbox 312 3217 323 3244; x_wconf 81' lang='lat'><strong>²</strong></span> <span class='ocrx_word' id='word_1_160' title='bbox 342 3214 415 3262; x_wconf 74' lang='lat' dir='ltr'><strong>Horo.</strong></span> <span class='ocrx_word' id='word_1_161' title='bbox 433 3215 491 3264; x_wconf 85' lang='lat' dir='ltr'><strong>Erre.</strong></span> <span class='ocrx_word' id='word_1_162' title='bbox 504 3230 525 3264; x_wconf 90' lang='lat' dir='ltr'><strong>c.</strong></span> <span class='ocrx_word' id='word_1_163' title='bbox 539 3212 564 3261; x_wconf 94' lang='lat'><strong>7.</strong></span> <span class='ocrx_word' id='word_1_164' title='bbox 586 3210 804 3272; x_wconf 82' lang='lat' dir='ltr'><strong>Reprehendendnm</strong></span> <span class='ocrx_word' id='word_1_165' title='bbox 815 3226 864 3256; x_wconf 82' lang='lat' dir='ltr'><strong>esse</strong></span> <span class='ocrx_word' id='word_1_166' title='bbox 878 3210 999 3258; x_wconf 79' lang='lat' dir='ltr'><strong>Platonem</strong></span> <span class='ocrx_word' id='word_1_167' title='bbox 1017 3211 1079 3272; x_wconf 82' lang='lat' dir='ltr'><strong>quot</strong></span> <span class='ocrx_word' id='word_1_168' title='bbox 1093 3212 1136 3260; x_wconf 89' lang='lat' dir='ltr'><strong>boo</strong></span> <span class='ocrx_word' id='word_1_169' title='bbox 1148 3213 1223 3261; x_wconf 82' lang='lat' dir='ltr'><strong>selum</strong></span> <span class='ocrx_word' id='word_1_170' title='bbox 1240 3233 1276 3261; x_wconf 81' lang='lat' dir='ltr'><strong>rr-</strong></span> 
     </span>
     <span class='ocr_line' id='line_1_24' title="bbox 275 3294 1276 3362; baseline -0.002 -15"><span class='ocrx_word' id='word_1_171' title='bbox 275 3308 407 3362; x_wconf 76' lang='lat' dir='ltr'><strong>gtunentum</strong></span> <span class='ocrx_word' id='word_1_172' title='bbox 423 3298 539 3352; x_wconf 57' lang='lat' dir='ltr'><strong>omiserim</strong></span> <span class='ocrx_word' id='word_1_173' title='bbox 554 3305 668 3343; x_wconf 81' lang='lat' dir='ltr'><strong>mortuam</strong></span> <span class='ocrx_word' id='word_1_174' title='bbox 681 3295 742 3342; x_wconf 80' lang='lat' dir='ltr'><strong>enim</strong></span> <span class='ocrx_word' id='word_1_175' title='bbox 758 3311 859 3342; x_wconf 69' lang='lat' dir='ltr'><strong>musam</strong></span> <span class='ocrx_word' id='word_1_176' title='bbox 874 3294 978 3354; x_wconf 74' lang='lat' dir='ltr'><strong>insperso</strong></span> <span class='ocrx_word' id='word_1_177' title='bbox 992 3294 1069 3342; x_wconf 77' lang='lat' dir='ltr'><strong>cinere</strong></span> <span class='ocrx_word' id='word_1_178' title='bbox 1082 3297 1159 3343; x_wconf 84' lang='lat' dir='ltr'><strong>denuo</strong></span> <span class='ocrx_word' id='word_1_179' title='bbox 1172 3297 1195 3342; x_wconf 90' lang='lat' dir='ltr'><strong>in</strong></span> <span class='ocrx_word' id='word_1_180' title='bbox 1207 3301 1276 3346; x_wconf 79' lang='lat' dir='ltr'><strong>vitam</strong></span> 
     </span>
     <span class='ocr_line' id='line_1_25' title="bbox 277 3385 391 3432; baseline 0.018 -3"><span class='ocrx_word' id='word_1_181' title='bbox 277 3385 391 3432; x_wconf 73' lang='lat' dir='ltr'><strong>suscitari.</strong></span> 
     </span>
    </p>
   </div>
   <div class='ocr_carea' id='block_1_7' title="bbox 311 3473 1273 3832">
    <p class='ocr_par' dir='ltr' id='par_1_9' title="bbox 313 3473 753 3540">
     <span class='ocr_line' id='line_1_26' title="bbox 313 3473 753 3540; baseline -0.02 -8"><span class='ocrx_word' id='word_1_182' title='bbox 313 3492 325 3522; x_wconf 74' lang='lat'>³</span> <span class='ocrx_word' id='word_1_183' title='bbox 343 3482 397 3531; x_wconf 88' lang='lat' dir='ltr'><strong>Vid.</strong></span> <span class='ocrx_word' id='word_1_184' title='bbox 414 3481 442 3529; x_wconf 86' lang='lat' dir='ltr'><strong>de</strong></span> <span class='ocrx_word' id='word_1_185' title='bbox 456 3479 540 3527; x_wconf 80' lang='lat' dir='ltr'><strong>Saltat.</strong></span> <span class='ocrx_word' id='word_1_186' title='bbox 553 3495 574 3526; x_wconf 90' lang='lat' dir='ltr'><strong>e.</strong></span> <span class='ocrx_word' id='word_1_187' title='bbox 588 3476 634 3540; x_wconf 80' lang='lat'><strong>33,</strong></span> <span class='ocrx_word' id='word_1_188' title='bbox 651 3475 698 3533; x_wconf 85' lang='lat'><strong>35,</strong></span> <span class='ocrx_word' id='word_1_189' title='bbox 712 3473 753 3523; x_wconf 87' lang='lat'><strong>61.</strong></span> 
     </span>
    </p>

    <p class='ocr_par' dir='ltr' id='par_1_10' title="bbox 311 3572 563 3628">
     <span class='ocr_line' id='line_1_27' title="bbox 311 3572 563 3628; baseline -0.016 0"><span class='ocrx_word' id='word_1_190' title='bbox 311 3580 324 3614; x_wconf 80' lang='lat'><strong>⁴</strong></span> <span class='ocrx_word' id='word_1_191' title='bbox 343 3579 377 3628; x_wconf 78' lang='lat' dir='ltr'><strong>tte</strong></span> <span class='ocrx_word' id='word_1_192' title='bbox 391 3577 475 3626; x_wconf 81' lang='lat' dir='ltr'><strong>Saltot.</strong></span> <span class='ocrx_word' id='word_1_193' title='bbox 487 3593 508 3624; x_wconf 89' lang='lat' dir='ltr'><strong>o.</strong></span> <span class='ocrx_word' id='word_1_194' title='bbox 522 3572 563 3625; x_wconf 83' lang='lat'><strong>27.</strong></span> 
     </span>
    </p>

    <p class='ocr_par' dir='ltr' id='par_1_11' title="bbox 314 3671 494 3724">
     <span class='ocr_line' id='line_1_28' title="bbox 314 3671 494 3724; baseline -0.017 -1"><span class='ocrx_word' id='word_1_195' title='bbox 314 3671 324 3702; x_wconf 86' lang='lat'>⁵</span> <span class='ocrx_word' id='word_1_196' title='bbox 345 3676 437 3724; x_wconf 74' lang='lat' dir='ltr'><strong>Ibide.</strong></span> <span class='ocrx_word' id='word_1_197' title='bbox 453 3671 494 3723; x_wconf 93' lang='lat' dir='ltr'><strong>7l.</strong></span> 
     </span>
    </p>

    <p class='ocr_par' dir='ltr' id='par_1_12' title="bbox 315 3764 1273 3832">
     <span class='ocr_line' id='line_1_29' title="bbox 315 3764 1273 3832; baseline -0.003 -11"><span class='ocrx_word' id='word_1_198' title='bbox 315 3765 329 3800; x_wconf 84' lang='lat'><strong>⁶</strong></span> <span class='ocrx_word' id='word_1_199' title='bbox 350 3771 490 3820; x_wconf 72' lang='lat' dir='ltr'><strong>nesure</strong></span> <span class='ocrx_word' id='word_1_200' title='bbox 511 3768 543 3832; x_wconf 88' lang='grc'><strong>6,</strong></span> <span class='ocrx_word' id='word_1_201' title='bbox 563 3767 610 3820; x_wconf 82' lang='lat'><strong>72,</strong></span> <span class='ocrx_word' id='word_1_202' title='bbox 635 3766 681 3830; x_wconf 81' lang='grc'><strong>79,</strong></span> <span class='ocrx_word' id='word_1_203' title='bbox 705 3764 748 3816; x_wconf 85' lang='grc'><strong>81.</strong></span> <span class='ocrx_word' id='word_1_204' title='bbox 773 3765 844 3816; x_wconf 72' lang='lat' dir='ltr'><strong>reos</strong></span> <span class='ocrx_word' id='word_1_205' title='bbox 865 3765 1022 3831; x_wconf 79' lang='lat' dir='ltr'><strong>Wielrrrdor,</strong></span> <span class='ocrx_word' id='word_1_206' title='bbox 1044 3769 1088 3818; x_wconf 83' lang='lat' dir='ltr'><strong>rt.</strong></span> <span class='ocrx_word' id='word_1_207' title='bbox 1104 3769 1156 3832; x_wconf 84' lang='lat' dir='ltr'><strong>lV,</strong></span> <span class='ocrx_word' id='word_1_208' title='bbox 1174 3768 1197 3817; x_wconf 86' lang='lat' dir='ltr'><strong>S.</strong></span> <span class='ocrx_word' id='word_1_209' title='bbox 1210 3769 1273 3830; x_wconf 75' lang='lat'><strong>433,</strong></span> 
     </span>
    </p>
   </div>
   <div class='ocr_carea' id='block_1_8' title="bbox 276 3849 1274 4253">
    <p class='ocr_par' dir='ltr' id='par_1_13' title="bbox 276 3849 1274 4253">
     <span class='ocr_line' id='line_1_30' title="bbox 276 3849 1271 3903; baseline -0.001 -1"><span class='ocrx_word' id='word_1_210' title='bbox 276 3872 327 3903; x_wconf 79' lang='lat' dir='ltr'><strong>ean</strong></span> <span class='ocrx_word' id='word_1_211' title='bbox 344 3853 472 3902; x_wconf 78' lang='lat' dir='ltr'><strong>immodicis</strong></span> <span class='ocrx_word' id='word_1_212' title='bbox 486 3853 583 3901; x_wconf 76' lang='lat' dir='ltr'><strong>buoloni</strong></span> <span class='ocrx_word' id='word_1_213' title='bbox 596 3852 705 3900; x_wconf 78' lang='lat' dir='ltr'><strong>laudibus</strong></span> <span class='ocrx_word' id='word_1_214' title='bbox 718 3851 819 3900; x_wconf 81' lang='lat' dir='ltr'><strong>contulit</strong></span> <span class='ocrx_word' id='word_1_215' title='bbox 832 3849 955 3900; x_wconf 74' lang='lat' dir='ltr'><strong>luvenalis</strong></span> <span class='ocrx_word' id='word_1_216' title='bbox 967 3851 1016 3900; x_wconf 81' lang='lat' dir='ltr'><strong>Sat.</strong></span> <span class='ocrx_word' id='word_1_217' title='bbox 1028 3852 1071 3901; x_wconf 85' lang='lat' dir='ltr'><strong>vt.</strong></span> <span class='ocrx_word' id='word_1_218' title='bbox 1086 3869 1109 3900; x_wconf 78' lang='lat' dir='ltr'><strong>r.</strong></span> <span class='ocrx_word' id='word_1_219' title='bbox 1121 3850 1226 3902; x_wconf 83' lang='lat'><strong>63-66.</strong></span> <span class='ocrx_word' id='word_1_220' title='bbox 1235 3878 1271 3890; x_wconf 90' lang='lat'><strong>·-</strong></span> 
     </span>
     <span class='ocr_line' id='line_1_31' title="bbox 277 3935 1274 3999; baseline -0.002 -12"><span class='ocrx_word' id='word_1_221' title='bbox 277 3941 329 3987; x_wconf 76' lang='lat' dir='ltr'><strong>lion</strong></span> <span class='ocrx_word' id='word_1_222' title='bbox 342 3937 499 3986; x_wconf 77' lang='lat' dir='ltr'><strong>dubitavimus</strong></span> <span class='ocrx_word' id='word_1_223' title='bbox 515 3937 560 3986; x_wconf 83' lang='lat' dir='ltr'><strong>lroc</strong></span> <span class='ocrx_word' id='word_1_224' title='bbox 578 3952 636 3998; x_wconf 78' lang='lat' dir='ltr'><strong>opus</strong></span> <span class='ocrx_word' id='word_1_225' title='bbox 655 3936 681 3982; x_wconf 86' lang='lat' dir='ltr'><strong>in</strong></span> <span class='ocrx_word' id='word_1_226' title='bbox 696 3935 844 3999; x_wconf 67' lang='lat' dir='ltr'><strong>iuvenilibus</strong></span> <span class='ocrx_word' id='word_1_227' title='bbox 858 3935 955 3983; x_wconf 80' lang='lat' dir='ltr'><strong>Luciani</strong></span> <span class='ocrx_word' id='word_1_228' title='bbox 969 3935 1061 3996; x_wconf 79' lang='lat' dir='ltr'><strong>scriptis</strong></span> <span class='ocrx_word' id='word_1_229' title='bbox 1079 3951 1201 3998; x_wconf 82' lang='lat' dir='ltr'><strong>reponere:</strong></span> <span class='ocrx_word' id='word_1_230' title='bbox 1221 3955 1274 3986; x_wconf 81' lang='lat' dir='ltr'><strong>nam</strong></span> 
     </span>
     <span class='ocr_line' id='line_1_32' title="bbox 276 4015 1270 4086; baseline -0.001 -14"><span class='ocrx_word' id='word_1_231' title='bbox 276 4023 382 4086; x_wconf 60' lang='lat' dir='ltr'><strong>manavir</strong></span> <span class='ocrx_word' id='word_1_232' title='bbox 394 4021 562 4070; x_wconf 80' lang='lat' dir='ltr'><strong>dubitationem</strong></span> <span class='ocrx_word' id='word_1_233' title='bbox 574 4022 672 4068; x_wconf 73' lang='lat' dir='ltr'><strong>sonorae</strong></span> <span class='ocrx_word' id='word_1_234' title='bbox 683 4018 723 4066; x_wconf 86' lang='lat' dir='ltr'><strong>eni</strong></span> <span class='ocrx_word' id='word_1_235' title='bbox 733 4018 829 4067; x_wconf 76' lang='lat' dir='ltr'><strong>afferant</strong></span> <span class='ocrx_word' id='word_1_236' title='bbox 843 4036 863 4067; x_wconf 89' lang='lat' dir='ltr'><strong>c.</strong></span> <span class='ocrx_word' id='word_1_237' title='bbox 880 4016 911 4082; x_wconf 85' lang='lat'><strong>2,</strong></span> <span class='ocrx_word' id='word_1_238' title='bbox 934 4015 981 4081; x_wconf 88' lang='lat'><strong>83,</strong></span> <span class='ocrx_word' id='word_1_239' title='bbox 997 4017 1030 4068; x_wconf 85' lang='lat'><strong>76</strong></span> <span class='ocrx_word' id='word_1_240' title='bbox 1041 4035 1089 4066; x_wconf 86' lang='lat' dir='ltr'><strong>nort</strong></span> <span class='ocrx_word' id='word_1_241' title='bbox 1107 4021 1163 4069; x_wconf 78' lang='lat' dir='ltr'><strong>satir</strong></span> <span class='ocrx_word' id='word_1_242' title='bbox 1177 4031 1270 4086; x_wconf 73' lang='lat' dir='ltr'><strong>umen,</strong></span> 
     </span>
     <span class='ocr_line' id='line_1_33' title="bbox 277 4103 1271 4169; baseline -0.003 -12"><span class='ocrx_word' id='word_1_243' title='bbox 277 4112 303 4157; x_wconf 86' lang='lat' dir='ltr'><strong>itr</strong></span> <span class='ocrx_word' id='word_1_244' title='bbox 315 4110 350 4158; x_wconf 77' lang='lat' dir='ltr'><strong>ti·</strong></span> <span class='ocrx_word' id='word_1_245' title='bbox 372 4107 429 4156; x_wconf 78' lang='lat' dir='ltr'><strong>loeis</strong></span> <span class='ocrx_word' id='word_1_246' title='bbox 446 4105 556 4154; x_wconf 79' lang='lat' dir='ltr'><strong>momenti</strong></span> <span class='ocrx_word' id='word_1_247' title='bbox 571 4121 621 4154; x_wconf 83' lang='lat' dir='ltr'><strong>erre</strong></span> <span class='ocrx_word' id='word_1_248' title='bbox 640 4103 746 4164; x_wconf 77' lang='lat' dir='ltr'><strong>videtur,</strong></span> <span class='ocrx_word' id='word_1_249' title='bbox 759 4104 822 4152; x_wconf 77' lang='lat' dir='ltr'><strong>eorl.</strong></span> <span class='ocrx_word' id='word_1_250' title='bbox 838 4115 931 4166; x_wconf 76' lang='lat' dir='ltr'><strong>quoque</strong></span> <span class='ocrx_word' id='word_1_251' title='bbox 943 4118 1006 4162; x_wconf 81' lang='lat' dir='ltr'><strong>supr.</strong></span> <span class='ocrx_word' id='word_1_252' title='bbox 1019 4103 1086 4150; x_wconf 76' lang='lat' dir='ltr'><strong>nobie</strong></span> <span class='ocrx_word' id='word_1_253' title='bbox 1096 4112 1172 4154; x_wconf 75' lang='lat' dir='ltr'><strong>norat.</strong></span> <span class='ocrx_word' id='word_1_254' title='bbox 1185 4121 1208 4166; x_wconf 88' lang='lat' dir='ltr'><strong>p.</strong></span> <span class='ocrx_word' id='word_1_255' title='bbox 1222 4104 1252 4154; x_wconf 84' lang='lat'><strong>21</strong></span> <span class='ocrx_word' id='word_1_256' title='bbox 1265 4143 1271 4169; x_wconf 90' lang='lat'><strong>,</strong></span> 
     </span>
     <span class='ocr_line' id='line_1_34' title="bbox 278 4179 666 4253; baseline -0.005 -15"><span class='ocrx_word' id='word_1_257' title='bbox 278 4179 330 4240; x_wconf 77' lang='lat' dir='ltr'><strong>adn.</strong></span> <span class='ocrx_word' id='word_1_258' title='bbox 346 4191 370 4241; x_wconf 87' lang='lat'><strong>3.</strong></span> <span class='ocrx_word' id='word_1_259' title='bbox 387 4209 409 4253; x_wconf 89' lang='lat' dir='ltr'><strong>p.</strong></span> <span class='ocrx_word' id='word_1_260' title='bbox 423 4188 471 4250; x_wconf 86' lang='lat'><strong>27,</strong></span> <span class='ocrx_word' id='word_1_261' title='bbox 485 4189 563 4252; x_wconf 76' lang='lat' dir='ltr'><strong>ibique</strong></span> <span class='ocrx_word' id='word_1_262' title='bbox 574 4190 628 4236; x_wconf 81' lang='lat' dir='ltr'><strong>adn.</strong></span> <span class='ocrx_word' id='word_1_263' title='bbox 642 4187 666 4236; x_wconf 86' lang='grc'><strong>3.</strong></span> 
     </span>
    </p>
   </div>
   <div class='ocr_carea' id='block_1_9' title="bbox 1100 4297 1116 4346">
    <p class='ocr_par' dir='ltr' id='par_1_14' title="bbox 1100 4297 1116 4346">
     <span class='ocr_line' id='line_1_35' title="bbox 1100 4297 1116 4346; baseline 0 0"><span class='ocrx_word' id='word_1_264' title='bbox 1100 4297 1116 4346; x_wconf 84' lang='grc'>5</span> 
     </span>
    </p>
   </div>
   <div class='ocr_carea' id='block_1_10' title="bbox 0 0 1584 5018">
    <p class='ocr_par' dir='ltr' id='par_1_15' title="bbox 0 0 1584 5018">
     <span class='ocr_line' id='line_1_36' title="bbox 0 0 1584 5018; baseline 0 0"><span class='ocrx_word' id='word_1_265' title='bbox 0 0 1584 5018; x_wconf 95' lang='lat' dir='ltr'><strong> </strong></span> 
     </span>
    </p>
   </div>
  </div>
 </body>
</html>
