<?xml version="1.0" encoding="UTF-8"?>
<!DOCTYPE html PUBLIC "-//W3C//DTD XHTML 1.0 Transitional//EN"
    "http://www.w3.org/TR/xhtml1/DTD/xhtml1-transitional.dtd">
<html xmlns="http://www.w3.org/1999/xhtml" xml:lang="en" lang="en">
 <head>
  <title>
</title>
<meta http-equiv="Content-Type" content="text/html;charset=utf-8" />
  <meta name='ocr-system' content='tesseract 3.04.00' />
  <meta name='ocr-capabilities' content='ocr_page ocr_carea ocr_par ocr_line ocrx_word'/>
</head>
<body>
  <div class='ocr_page' id='page_1' title='image "./dissertatiolite00meesgoog_0033.png"; bbox 0 0 3160 5018; ppageno 0'>
   <div class='ocr_carea' id='block_1_1' title="bbox 771 412 811 473">
    <p class='ocr_par' dir='ltr' id='par_1_1' title="bbox 771 412 811 473">
     <span class='ocr_line' id='line_1_1' title="bbox 771 412 811 473; baseline 0.1 -4"><span class='ocrx_word' id='word_1_1' title='bbox 771 412 811 473; x_wconf 87' lang='lat'><strong>18</strong></span> 
     </span>
    </p>
   </div>
   <div class='ocr_carea' id='block_1_2' title="bbox 288 600 1287 1754">
    <p class='ocr_par' dir='ltr' id='par_1_2' title="bbox 288 600 1287 1754">
     <span class='ocr_line' id='line_1_2' title="bbox 291 600 1286 688; baseline 0.004 -22"><span class='ocrx_word' id='word_1_2' title='bbox 291 605 404 668; x_wconf 83' lang='lat' dir='ltr'><strong>deatur</strong></span> <span class='ocrx_word' id='word_1_3' title='bbox 421 600 568 666; x_wconf 89' lang='lat' dir='ltr'><strong>docendo</strong></span> <span class='ocrx_word' id='word_1_4' title='bbox 592 613 716 666; x_wconf 88' lang='lat' dir='ltr'><strong>tantum</strong></span> <span class='ocrx_word' id='word_1_5' title='bbox 740 613 771 664; x_wconf 92' lang='lat' dir='ltr'><strong>et</strong></span> <span class='ocrx_word' id='word_1_6' title='bbox 783 602 915 685; x_wconf 89' lang='lat' dir='ltr'><strong>publice</strong></span> <span class='ocrx_word' id='word_1_7' title='bbox 927 603 1135 670; x_wconf 83' lang='lat' dir='ltr'><strong>declamando</strong></span> <span class='ocrx_word' id='word_1_8' title='bbox 1148 606 1286 688; x_wconf 88' lang='lat' dir='ltr'><strong>potuisse</strong></span> 
     </span>
     <span class='ocr_line' id='line_1_3' title="bbox 290 720 1286 807; baseline 0.002 -23"><span class='ocrx_word' id='word_1_9' title='bbox 290 723 387 786; x_wconf 91' lang='lat' dir='ltr'><strong>vitam</strong></span> <span class='ocrx_word' id='word_1_10' title='bbox 418 731 613 800; x_wconf 88' lang='lat' dir='ltr'><strong>sustentare;</strong></span> <span class='ocrx_word' id='word_1_11' title='bbox 648 720 788 806; x_wconf 89' lang='lat' dir='ltr'><strong>ideoque</strong></span> <span class='ocrx_word' id='word_1_12' title='bbox 827 721 1021 807; x_wconf 79' lang='lat' dir='ltr'>probabile,</span> <span class='ocrx_word' id='word_1_13' title='bbox 1050 746 1123 786; x_wconf 90' lang='lat' dir='ltr'><strong>eum</strong></span> <span class='ocrx_word' id='word_1_14' title='bbox 1155 724 1188 786; x_wconf 90' lang='lat' dir='ltr'><strong>in</strong></span> <span class='ocrx_word' id='word_1_15' title='bbox 1222 724 1286 788; x_wconf 88' lang='lat' dir='ltr'><strong>illis</strong></span> 
     </span>
     <span class='ocr_line' id='line_1_4' title="bbox 290 837 1287 923; baseline 0.007 -24"><span class='ocrx_word' id='word_1_16' title='bbox 290 839 368 902; x_wconf 88' lang='lat' dir='ltr'><strong>locis</strong></span> <span class='ocrx_word' id='word_1_17' title='bbox 387 837 558 923; x_wconf 81' lang='lat' dir='ltr'><strong>diligenter</strong></span> <span class='ocrx_word' id='word_1_18' title='bbox 575 837 669 901; x_wconf 91' lang='lat' dir='ltr'><strong>simul</strong></span> <span class='ocrx_word' id='word_1_19' title='bbox 684 837 857 920; x_wconf 87' lang='lat' dir='ltr'><strong>judiciales</strong></span> <span class='ocrx_word' id='word_1_20' title='bbox 869 859 993 903; x_wconf 78' lang='lat' dir='ltr'><strong>caussas</strong></span> <span class='ocrx_word' id='word_1_21' title='bbox 1006 859 1133 904; x_wconf 77' lang='lat' dir='ltr'><strong>curasse</strong></span> <span class='ocrx_word' id='word_1_22' title='bbox 1143 865 1151 920; x_wconf 94' lang='lat'>;</span> <span class='ocrx_word' id='word_1_23' title='bbox 1170 841 1204 905; x_wconf 95' lang='lat' dir='ltr'><strong>in</strong></span> <span class='ocrx_word' id='word_1_24' title='bbox 1217 842 1287 907; x_wconf 91' lang='lat' dir='ltr'><strong>aliis</strong></span> 
     </span>
     <span class='ocr_line' id='line_1_5' title="bbox 289 954 1287 1044; baseline 0.003 -25"><span class='ocrx_word' id='word_1_25' title='bbox 289 968 400 1020; x_wconf 90' lang='lat' dir='ltr'><strong>contra</strong></span> <span class='ocrx_word' id='word_1_26' title='bbox 413 954 616 1039; x_wconf 84' lang='lat' dir='ltr'><strong>regionibus,</strong></span> <span class='ocrx_word' id='word_1_27' title='bbox 634 975 713 1039; x_wconf 89' lang='lat' dir='ltr'><strong>quas</strong></span> <span class='ocrx_word' id='word_1_28' title='bbox 727 977 792 1018; x_wconf 90' lang='lat' dir='ltr'><strong>non</strong></span> <span class='ocrx_word' id='word_1_29' title='bbox 811 965 876 1018; x_wconf 91' lang='lat' dir='ltr'><strong>tam</strong></span> <span class='ocrx_word' id='word_1_30' title='bbox 893 955 1021 1020; x_wconf 89' lang='lat' dir='ltr'><strong>mutatis</strong></span> <span class='ocrx_word' id='word_1_31' title='bbox 1037 957 1168 1037; x_wconf 92' lang='lat' dir='ltr'><strong>studiis,</strong></span> <span class='ocrx_word' id='word_1_32' title='bbox 1191 980 1287 1044; x_wconf 90' lang='lat' dir='ltr'><strong>quam</strong></span> 
     </span>
     <span class='ocr_line' id='line_1_6' title="bbox 288 1073 1284 1161; baseline 0.004 -23"><span class='ocrx_word' id='word_1_33' title='bbox 288 1075 412 1152; x_wconf 83' lang='lat' dir='ltr'><strong>famae,</strong></span> <span class='ocrx_word' id='word_1_34' title='bbox 437 1085 473 1137; x_wconf 90' lang='lat' dir='ltr'><strong>ut</strong></span> <span class='ocrx_word' id='word_1_35' title='bbox 488 1073 556 1158; x_wconf 89' lang='lat' dir='ltr'><strong>ipse</strong></span> <span class='ocrx_word' id='word_1_36' title='bbox 572 1073 748 1157; x_wconf 87' lang='lat' dir='ltr'><strong>significat,</strong></span> <span class='ocrx_word' id='word_1_37' title='bbox 767 1085 798 1138; x_wconf 89' lang='lat' dir='ltr'><strong>et</strong></span> <span class='ocrx_word' id='word_1_38' title='bbox 819 1075 966 1138; x_wconf 88' lang='lat' dir='ltr'><strong>fortunae</strong></span> <span class='ocrx_word' id='word_1_39' title='bbox 990 1075 1157 1161; x_wconf 82' lang='lat' dir='ltr'><strong>augendae</strong></span> <span class='ocrx_word' id='word_1_40' title='bbox 1176 1097 1284 1142; x_wconf 86' lang='lat' dir='ltr'><strong>caussa</strong></span> 
     </span>
     <span class='ocr_line' id='line_1_7' title="bbox 289 1190 1284 1280; baseline 0.002 -23"><span class='ocrx_word' id='word_1_41' title='bbox 289 1193 432 1271; x_wconf 85' lang='lat' dir='ltr'><strong>adiisset,</strong></span> <span class='ocrx_word' id='word_1_42' title='bbox 457 1191 737 1280; x_wconf 60' lang='lat' dir='ltr'><strong>propterQnae</strong></span> <span class='ocrx_word' id='word_1_43' title='bbox 752 1192 883 1278; x_wconf 82' lang='lat' dir='ltr'><strong>linguae</strong></span> <span class='ocrx_word' id='word_1_44' title='bbox 899 1193 933 1255; x_wconf 94' lang='lat' dir='ltr'><strong>in</strong></span> <span class='ocrx_word' id='word_1_45' title='bbox 951 1213 985 1254; x_wconf 93' lang='lat' dir='ltr'><strong>re</strong></span> <span class='ocrx_word' id='word_1_46' title='bbox 1001 1190 1175 1273; x_wconf 89' lang='lat' dir='ltr'><strong>judiciaria</strong></span> <span class='ocrx_word' id='word_1_47' title='bbox 1191 1217 1284 1258; x_wconf 90' lang='lat' dir='ltr'><strong>usum</strong></span> 
     </span>
     <span class='ocr_line' id='line_1_8' title="bbox 289 1309 1285 1394; baseline 0 -19"><span class='ocrx_word' id='word_1_48' title='bbox 289 1333 323 1376; x_wconf 89' lang='lat' dir='ltr'><strong>se</strong></span> <span class='ocrx_word' id='word_1_49' title='bbox 344 1334 363 1374; x_wconf 88' lang='lat' dir='ltr'><strong>a</strong></span> <span class='ocrx_word' id='word_1_50' title='bbox 383 1312 452 1375; x_wconf 81' lang='lat' dir='ltr'><strong>foro</strong></span> <span class='ocrx_word' id='word_1_51' title='bbox 480 1309 649 1374; x_wconf 84' lang='lat' dir='ltr'><strong>removisse</strong></span> <span class='ocrx_word' id='word_1_52' title='bbox 673 1317 707 1387; x_wconf 90' lang='lat'><strong>¹,</strong></span> <span class='ocrx_word' id='word_1_53' title='bbox 742 1321 839 1394; x_wconf 88' lang='lat' dir='ltr'><strong>atque</strong></span> <span class='ocrx_word' id='word_1_54' title='bbox 863 1309 1021 1394; x_wconf 88' lang='lat' dir='ltr'><strong>sophistae</strong></span> <span class='ocrx_word' id='word_1_55' title='bbox 1042 1310 1194 1376; x_wconf 84' lang='lat' dir='ltr'><strong>duntaxat</strong></span> <span class='ocrx_word' id='word_1_56' title='bbox 1214 1334 1285 1375; x_wconf 90' lang='lat' dir='ltr'><strong>mu-</strong></span> 
     </span>
     <span class='ocr_line' id='line_1_9' title="bbox 290 1429 1285 1514; baseline -0.002 -20"><span class='ocrx_word' id='word_1_57' title='bbox 290 1453 367 1495; x_wconf 82' lang='lat' dir='ltr'><strong>nere</strong></span> <span class='ocrx_word' id='word_1_58' title='bbox 388 1429 556 1494; x_wconf 90' lang='lat' dir='ltr'><strong>luculento</strong></span> <span class='ocrx_word' id='word_1_59' title='bbox 582 1450 657 1492; x_wconf 90' lang='lat' dir='ltr'><strong>cum</strong></span> <span class='ocrx_word' id='word_1_60' title='bbox 678 1429 788 1493; x_wconf 90' lang='lat' dir='ltr'><strong>fructu</strong></span> <span class='ocrx_word' id='word_1_61' title='bbox 817 1431 1024 1514; x_wconf 85' lang='lat' dir='ltr'><strong>perfunctum</strong></span> <span class='ocrx_word' id='word_1_62' title='bbox 1048 1429 1155 1494; x_wconf 84' lang='lat' dir='ltr'><strong>fuisse.</strong></span> <span class='ocrx_word' id='word_1_63' title='bbox 1181 1432 1285 1512; x_wconf 85' lang='lat' dir='ltr'><strong>Quam</strong></span> 
     </span>
     <span class='ocr_line' id='line_1_10' title="bbox 289 1545 1285 1635; baseline 0.003 -23"><span class='ocrx_word' id='word_1_64' title='bbox 289 1549 430 1626; x_wconf 90' lang='lat' dir='ltr'><strong>obrem,</strong></span> <span class='ocrx_word' id='word_1_65' title='bbox 455 1569 557 1633; x_wconf 91' lang='lat' dir='ltr'><strong>quum</strong></span> <span class='ocrx_word' id='word_1_66' title='bbox 578 1549 613 1611; x_wconf 91' lang='lat' dir='ltr'><strong>in</strong></span> <span class='ocrx_word' id='word_1_67' title='bbox 630 1545 697 1612; x_wconf 78' lang='lat' dir='ltr'><strong>Bis</strong></span> <span class='ocrx_word' id='word_1_68' title='bbox 713 1548 832 1612; x_wconf 80' lang='lat' dir='ltr'><strong>Aecus.</strong></span> <span class='ocrx_word' id='word_1_69' title='bbox 857 1571 893 1614; x_wconf 86' lang='lat' dir='ltr'><strong>ex</strong></span> <span class='ocrx_word' id='word_1_70' title='bbox 915 1570 1050 1635; x_wconf 89' lang='lat' dir='ltr'><strong>persona</strong></span> <span class='ocrx_word' id='word_1_71' title='bbox 1073 1547 1285 1626; x_wconf 84' lang='lat' dir='ltr'><strong>Rhetoricae,</strong></span> 
     </span>
     <span class='ocr_line' id='line_1_11' title="bbox 290 1648 1286 1754; baseline 0.003 -24"><span class='ocrx_word' id='word_1_72' title='bbox 290 1667 412 1754; x_wconf 89' lang='lat' dir='ltr'><strong>quippe</strong></span> <span class='ocrx_word' id='word_1_73' title='bbox 437 1679 619 1732; x_wconf 89' lang='lat' dir='ltr'><strong>constanter</strong></span> <span class='ocrx_word' id='word_1_74' title='bbox 648 1669 752 1753; x_wconf 90' lang='lat' dir='ltr'><strong>ipsum</strong></span> <span class='ocrx_word' id='word_1_75' title='bbox 776 1670 960 1747; x_wconf 84' lang='lat' dir='ltr'><strong>comitatae,</strong></span> <span class='ocrx_word' id='word_1_76' title='bbox 985 1648 1086 1732; x_wconf 91' lang='lat' dir='ltr'><strong>totum</strong></span> <span class='ocrx_word' id='word_1_77' title='bbox 1110 1669 1190 1734; x_wconf 85' lang='lat' dir='ltr'><strong>vitae</strong></span> <span class='ocrx_word' id='word_1_78' title='bbox 1210 1691 1286 1733; x_wconf 86' lang='lat' dir='ltr'><strong>suae</strong></span> 
     </span>
    </p>
   </div>
   <div class='ocr_carea' id='block_1_3' title="bbox 70 1777 1286 1940">
    <p class='ocr_par' dir='ltr' id='par_1_3' title="bbox 70 1777 1286 1940">
     <span class='ocr_line' id='line_1_12' title="bbox 70 1777 1286 1940; baseline -0.005 -82"><span class='ocrx_word' id='word_1_79' title='bbox 70 1777 438 1940; x_wconf 44' lang='lat' dir='ltr'><strong>jdt&#39;qqtmjuvenilis</strong></span> <span class='ocrx_word' id='word_1_80' title='bbox 466 1784 603 1852; x_wconf 91' lang='lat' dir='ltr'><strong>stadium</strong></span> <span class='ocrx_word' id='word_1_81' title='bbox 631 1787 829 1890; x_wconf 59' lang='lat' dir='ltr'><strong>delinearet,</strong></span> <span class='ocrx_word' id='word_1_82' title='bbox 861 1799 973 1873; x_wconf 90' lang='lat' dir='ltr'><strong>sponte</strong></span> <span class='ocrx_word' id='word_1_83' title='bbox 1001 1788 1072 1851; x_wconf 89' lang='lat' dir='ltr'><strong>fieri</strong></span> <span class='ocrx_word' id='word_1_84' title='bbox 1094 1787 1224 1868; x_wconf 89' lang='lat' dir='ltr'><strong>debuit,</strong></span> <span class='ocrx_word' id='word_1_85' title='bbox 1250 1800 1286 1852; x_wconf 92' lang='lat' dir='ltr'><strong>ut</strong></span> 
     </span>
    </p>
   </div>
   <div class='ocr_carea' id='block_1_4' title="bbox 288 1905 1289 3288">
    <p class='ocr_par' dir='ltr' id='par_1_4' title="bbox 288 1905 1289 3288">
     <span class='ocr_line' id='line_1_13' title="bbox 289 1905 1286 1994; baseline 0 -24"><span class='ocrx_word' id='word_1_86' title='bbox 289 1905 480 1992; x_wconf 87' lang='lat' dir='ltr'><strong>sophisticae</strong></span> <span class='ocrx_word' id='word_1_87' title='bbox 494 1907 599 1987; x_wconf 86' lang='lat' dir='ltr'><strong>laudi,</strong></span> <span class='ocrx_word' id='word_1_88' title='bbox 624 1928 721 1994; x_wconf 86' lang='lat' dir='ltr'><strong>quam</strong></span> <span class='ocrx_word' id='word_1_89' title='bbox 736 1928 919 1973; x_wconf 88' lang='lat' dir='ltr'><strong>caussarum</strong></span> <span class='ocrx_word' id='word_1_90' title='bbox 938 1908 1121 1993; x_wconf 86' lang='lat' dir='ltr'><strong>patronatui</strong></span> <span class='ocrx_word' id='word_1_91' title='bbox 1133 1906 1286 1991; x_wconf 89' lang='lat' dir='ltr'><strong>majorem</strong></span> 
     </span>
     <span class='ocr_line' id='line_1_14' title="bbox 288 2023 1289 2091; baseline 0.002 -3"><span class='ocrx_word' id='word_1_92' title='bbox 288 2026 397 2090; x_wconf 88' lang='lat' dir='ltr'><strong>locum</strong></span> <span class='ocrx_word' id='word_1_93' title='bbox 423 2026 589 2091; x_wconf 88' lang='lat' dir='ltr'><strong>tribueret.</strong></span> <span class='ocrx_word' id='word_1_94' title='bbox 623 2026 661 2090; x_wconf 92' lang='lat' dir='ltr'><strong>In</strong></span> <span class='ocrx_word' id='word_1_95' title='bbox 688 2023 872 2090; x_wconf 79' lang='lat' dir='ltr'><strong>Piscatore</strong></span> <span class='ocrx_word' id='word_1_96' title='bbox 892 2038 1003 2091; x_wconf 89' lang='lat' dir='ltr'><strong>contra</strong></span> <span class='ocrx_word' id='word_1_97' title='bbox 1026 2027 1289 2091; x_wconf 83' lang='lat' dir='ltr'><strong>reviviscentibus</strong></span> 
     </span>
     <span class='ocr_line' id='line_1_15' title="bbox 288 2142 1288 2232; baseline -0.001 -25"><span class='ocrx_word' id='word_1_98' title='bbox 288 2143 429 2229; x_wconf 87' lang='lat' dir='ltr'><strong>antiquis</strong></span> <span class='ocrx_word' id='word_1_99' title='bbox 455 2142 654 2229; x_wconf 90' lang='lat' dir='ltr'><strong>pbilosophis</strong></span> <span class='ocrx_word' id='word_1_100' title='bbox 680 2143 915 2229; x_wconf 88' lang='lat' dir='ltr'><strong>quodammodo</strong></span> <span class='ocrx_word' id='word_1_101' title='bbox 944 2155 1048 2228; x_wconf 90' lang='lat' dir='ltr'><strong>partes</strong></span> <span class='ocrx_word' id='word_1_102' title='bbox 1078 2145 1168 2208; x_wconf 91' lang='lat' dir='ltr'><strong>dedit</strong></span> <span class='ocrx_word' id='word_1_103' title='bbox 1198 2145 1288 2232; x_wconf 83' lang='lat' dir='ltr'><strong>vulgi</strong></span> 
     </span>
     <span class='ocr_line' id='line_1_16' title="bbox 288 2258 1287 2344; baseline -0.002 -18"><span class='ocrx_word' id='word_1_104' title='bbox 288 2261 485 2326; x_wconf 89' lang='lat' dir='ltr'><strong>Graecorum</strong></span> <span class='ocrx_word' id='word_1_105' title='bbox 518 2283 554 2324; x_wconf 92' lang='lat' dir='ltr'><strong>eo</strong></span> <span class='ocrx_word' id='word_1_106' title='bbox 587 2271 733 2343; x_wconf 91' lang='lat' dir='ltr'><strong>tempore</strong></span> <span class='ocrx_word' id='word_1_107' title='bbox 757 2258 1045 2344; x_wconf 90' lang='lat' dir='ltr'><strong>philosophorum,</strong></span> <span class='ocrx_word' id='word_1_108' title='bbox 1080 2260 1173 2344; x_wconf 87' lang='lat' dir='ltr'><strong>cujus</strong></span> <span class='ocrx_word' id='word_1_109' title='bbox 1206 2262 1287 2326; x_wconf 90' lang='lat' dir='ltr'><strong>iram</strong></span> 
     </span>
     <span class='ocr_line' id='line_1_17' title="bbox 289 2375 1288 2460; baseline 0.002 -22"><span class='ocrx_word' id='word_1_110' title='bbox 289 2388 449 2441; x_wconf 89' lang='lat' dir='ltr'><strong>moverat:</strong></span> <span class='ocrx_word' id='word_1_111' title='bbox 473 2375 542 2460; x_wconf 90' lang='lat' dir='ltr'><strong>ipse</strong></span> <span class='ocrx_word' id='word_1_112' title='bbox 572 2387 679 2439; x_wconf 90' lang='lat' dir='ltr'><strong>autem</strong></span> <span class='ocrx_word' id='word_1_113' title='bbox 697 2376 731 2439; x_wconf 93' lang='lat' dir='ltr'><strong>in</strong></span> <span class='ocrx_word' id='word_1_114' title='bbox 751 2377 887 2442; x_wconf 89' lang='lat' dir='ltr'><strong>Graecia</strong></span> <span class='ocrx_word' id='word_1_115' title='bbox 906 2400 972 2442; x_wconf 94' lang='lat' dir='ltr'><strong>non</strong></span> <span class='ocrx_word' id='word_1_116' title='bbox 993 2377 1127 2443; x_wconf 90' lang='lat' dir='ltr'><strong>eandem</strong></span> <span class='ocrx_word' id='word_1_117' title='bbox 1145 2399 1288 2443; x_wconf 90' lang='lat' dir='ltr'><strong>caussam</strong></span> 
     </span>
     <span class='ocr_line' id='line_1_18' title="bbox 288 2490 1285 2581; baseline 0 -25"><span class='ocrx_word' id='word_1_118' title='bbox 288 2491 423 2572; x_wconf 87' lang='lat' dir='ltr'><strong>babuit,</strong></span> <span class='ocrx_word' id='word_1_119' title='bbox 449 2513 526 2570; x_wconf 91' lang='lat' dir='ltr'><strong>cur,</strong></span> <span class='ocrx_word' id='word_1_120' title='bbox 556 2490 826 2578; x_wconf 89' lang='lat' dir='ltr'><strong>quemadmodum</strong></span> <span class='ocrx_word' id='word_1_121' title='bbox 851 2493 885 2556; x_wconf 93' lang='lat' dir='ltr'><strong>in</strong></span> <span class='ocrx_word' id='word_1_122' title='bbox 913 2493 1047 2579; x_wconf 90' lang='lat' dir='ltr'><strong>reliquis</strong></span> <span class='ocrx_word' id='word_1_123' title='bbox 1075 2493 1285 2581; x_wconf 88' lang='lat' dir='ltr'><strong>regionibus,</strong></span> 
     </span>
     <span class='ocr_line' id='line_1_19' title="bbox 288 2609 1289 2697; baseline 0.003 -25"><span class='ocrx_word' id='word_1_124' title='bbox 288 2611 324 2674; x_wconf 91' lang='lat' dir='ltr'><strong>in</strong></span> <span class='ocrx_word' id='word_1_125' title='bbox 352 2609 563 2676; x_wconf 89' lang='lat' dir='ltr'><strong>declamando</strong></span> <span class='ocrx_word' id='word_1_126' title='bbox 595 2610 809 2697; x_wconf 91' lang='lat' dir='ltr'><strong>docendoque</strong></span> <span class='ocrx_word' id='word_1_127' title='bbox 834 2611 930 2675; x_wconf 91' lang='lat' dir='ltr'><strong>unice</strong></span> <span class='ocrx_word' id='word_1_128' title='bbox 960 2624 1160 2689; x_wconf 89' lang='lat' dir='ltr'><strong>versaretur,</strong></span> <span class='ocrx_word' id='word_1_129' title='bbox 1191 2623 1289 2697; x_wconf 88' lang='lat' dir='ltr'><strong>atque</strong></span> 
     </span>
     <span class='ocr_line' id='line_1_20' title="bbox 289 2727 1289 2817; baseline 0.003 -27"><span class='ocrx_word' id='word_1_130' title='bbox 289 2727 346 2792; x_wconf 88' lang='lat' dir='ltr'><strong>illa</strong></span> <span class='ocrx_word' id='word_1_131' title='bbox 372 2727 492 2816; x_wconf 86' lang='lat' dir='ltr'><strong>igitur,</strong></span> <span class='ocrx_word' id='word_1_132' title='bbox 523 2748 620 2814; x_wconf 92' lang='lat' dir='ltr'><strong>quam</strong></span> <span class='ocrx_word' id='word_1_133' title='bbox 645 2728 827 2792; x_wconf 88' lang='lat' dir='ltr'><strong>forensibus</strong></span> <span class='ocrx_word' id='word_1_134' title='bbox 860 2731 978 2794; x_wconf 90' lang='lat' dir='ltr'><strong>caussis</strong></span> <span class='ocrx_word' id='word_1_135' title='bbox 998 2730 1131 2817; x_wconf 85' lang='lat' dir='ltr'><strong>agendis</strong></span> <span class='ocrx_word' id='word_1_136' title='bbox 1153 2729 1289 2814; x_wconf 86' lang='lat' dir='ltr'><strong>adeptus</strong></span> 
     </span>
     <span class='ocr_line' id='line_1_21' title="bbox 290 2845 1288 2937; baseline 0.004 -26"><span class='ocrx_word' id='word_1_137' title='bbox 290 2858 350 2926; x_wconf 88' lang='lat' dir='ltr'><strong>est,</strong></span> <span class='ocrx_word' id='word_1_138' title='bbox 377 2846 512 2911; x_wconf 91' lang='lat' dir='ltr'><strong>nominis</strong></span> <span class='ocrx_word' id='word_1_139' title='bbox 537 2846 707 2911; x_wconf 89' lang='lat' dir='ltr'><strong>celebritas</strong></span> <span class='ocrx_word' id='word_1_140' title='bbox 727 2847 761 2910; x_wconf 93' lang='lat' dir='ltr'><strong>in</strong></span> <span class='ocrx_word' id='word_1_141' title='bbox 781 2845 842 2910; x_wconf 86' lang='lat' dir='ltr'><strong>hac</strong></span> <span class='ocrx_word' id='word_1_142' title='bbox 863 2848 1063 2931; x_wconf 90' lang='lat' dir='ltr'><strong>potissimum</strong></span> <span class='ocrx_word' id='word_1_143' title='bbox 1095 2850 1226 2937; x_wconf 87' lang='lat' dir='ltr'><strong>regione</strong></span> <span class='ocrx_word' id='word_1_144' title='bbox 1247 2851 1288 2915; x_wconf 85' lang='lat' dir='ltr'><strong>ab</strong></span> 
     </span>
     <span class='ocr_line' id='line_1_22' title="bbox 289 2961 1288 3051; baseline 0.003 -25"><span class='ocrx_word' id='word_1_145' title='bbox 289 2985 327 3027; x_wconf 90' lang='lat' dir='ltr'><strong>eo</strong></span> <span class='ocrx_word' id='word_1_146' title='bbox 350 2974 441 3047; x_wconf 90' lang='lat' dir='ltr'><strong>parta</strong></span> <span class='ocrx_word' id='word_1_147' title='bbox 466 2984 533 3027; x_wconf 88' lang='lat' dir='ltr'><strong>esse</strong></span> <span class='ocrx_word' id='word_1_148' title='bbox 552 2961 652 3026; x_wconf 89' lang='lat' dir='ltr'><strong>videri</strong></span> <span class='ocrx_word' id='word_1_149' title='bbox 671 2973 790 3046; x_wconf 89' lang='lat' dir='ltr'><strong>potest:</strong></span> <span class='ocrx_word' id='word_1_150' title='bbox 815 2974 884 3027; x_wconf 91' lang='lat' dir='ltr'><strong>tum</strong></span> <span class='ocrx_word' id='word_1_151' title='bbox 908 2986 981 3028; x_wconf 92' lang='lat' dir='ltr'><strong>vero</strong></span> <span class='ocrx_word' id='word_1_152' title='bbox 1004 2967 1173 3032; x_wconf 75' lang='grc' dir='ltr'><strong><em>δικανικοῦ</em></strong></span> <span class='ocrx_word' id='word_1_153' title='bbox 1191 2987 1288 3051; x_wconf 92' lang='lat' dir='ltr'><strong>quam</strong></span> 
     </span>
     <span class='ocr_line' id='line_1_23' title="bbox 289 3078 1289 3171; baseline -0.004 -24"><span class='ocrx_word' id='word_1_154' title='bbox 289 3087 439 3164; x_wconf 84' lang='grc' dir='ltr'><strong><em>σοφιστοῦ</em></strong></span> <span class='ocrx_word' id='word_1_155' title='bbox 472 3101 589 3144; x_wconf 89' lang='lat' dir='ltr'><strong>nomen</strong></span> <span class='ocrx_word' id='word_1_156' title='bbox 626 3078 814 3143; x_wconf 91' lang='lat' dir='ltr'><strong>invidiosius</strong></span> <span class='ocrx_word' id='word_1_157' title='bbox 847 3080 1034 3146; x_wconf 85' lang='lat' dir='ltr'><strong>audiebat²</strong></span> <span class='ocrx_word' id='word_1_158' title='bbox 1069 3083 1236 3171; x_wconf 87' lang='lat' dir='ltr'><strong>magisque</strong></span> <span class='ocrx_word' id='word_1_159' title='bbox 1270 3103 1289 3143; x_wconf 92' lang='lat' dir='ltr'><strong>a</strong></span> 
     </span>
     <span class='ocr_line' id='line_1_24' title="bbox 289 3197 1288 3288; baseline 0.001 -25"><span class='ocrx_word' id='word_1_160' title='bbox 289 3197 492 3284; x_wconf 90' lang='lat' dir='ltr'><strong>philosophia</strong></span> <span class='ocrx_word' id='word_1_161' title='bbox 511 3197 653 3262; x_wconf 89' lang='lat' dir='ltr'><strong>alienum</strong></span> <span class='ocrx_word' id='word_1_162' title='bbox 674 3197 858 3278; x_wconf 87' lang='lat' dir='ltr'><strong>videbatur,</strong></span> <span class='ocrx_word' id='word_1_163' title='bbox 870 3220 907 3263; x_wconf 91' lang='lat' dir='ltr'><strong>ac</strong></span> <span class='ocrx_word' id='word_1_164' title='bbox 936 3199 1032 3264; x_wconf 84' lang='lat' dir='ltr'><strong>facile</strong></span> <span class='ocrx_word' id='word_1_165' title='bbox 1053 3200 1154 3288; x_wconf 88' lang='lat' dir='ltr'><strong>igitur</strong></span> <span class='ocrx_word' id='word_1_166' title='bbox 1173 3223 1211 3266; x_wconf 90' lang='lat' dir='ltr'><strong>eo</strong></span> <span class='ocrx_word' id='word_1_167' title='bbox 1231 3221 1288 3264; x_wconf 92' lang='lat' dir='ltr'><strong>no·</strong></span> 
     </span>
    </p>
   </div>
   <div class='ocr_carea' id='block_1_5' title="bbox 178 3500 1290 3903">
    <p class='ocr_par' dir='ltr' id='par_1_5' title="bbox 178 3500 1290 3575">
     <span class='ocr_line' id='line_1_25' title="bbox 178 3500 1290 3575; baseline -0.001 -24"><span class='ocrx_word' id='word_1_168' title='bbox 178 3516 185 3575; x_wconf 36' lang='grc' dir='ltr'>ξ</span> <span class='ocrx_word' id='word_1_169' title='bbox 264 3504 265 3508; x_wconf 70' lang='grc'>’</span> <span class='ocrx_word' id='word_1_170' title='bbox 326 3500 337 3537; x_wconf 87' lang='lat'>1</span> <span class='ocrx_word' id='word_1_171' title='bbox 356 3504 408 3551; x_wconf 82' lang='lat' dir='ltr'><strong>Non</strong></span> <span class='ocrx_word' id='word_1_172' title='bbox 421 3504 482 3552; x_wconf 89' lang='lat' dir='ltr'><strong>enim</strong></span> <span class='ocrx_word' id='word_1_173' title='bbox 496 3513 545 3566; x_wconf 86' lang='lat' dir='ltr'><strong>est,</strong></span> <span class='ocrx_word' id='word_1_174' title='bbox 557 3505 618 3551; x_wconf 88' lang='lat' dir='ltr'><strong>unde</strong></span> <span class='ocrx_word' id='word_1_175' title='bbox 630 3519 682 3551; x_wconf 86' lang='lat' dir='ltr'><strong>eum</strong></span> <span class='ocrx_word' id='word_1_176' title='bbox 694 3505 827 3565; x_wconf 83' lang='lat' dir='ltr'><strong>praesertim</strong></span> <span class='ocrx_word' id='word_1_177' title='bbox 837 3505 886 3567; x_wconf 85' lang='lat' dir='ltr'><strong>jam</strong></span> <span class='ocrx_word' id='word_1_178' title='bbox 903 3523 930 3554; x_wconf 88' lang='lat' dir='ltr'><strong>eo</strong></span> <span class='ocrx_word' id='word_1_179' title='bbox 940 3513 1040 3565; x_wconf 86' lang='lat' dir='ltr'><strong>tempore</strong></span> <span class='ocrx_word' id='word_1_180' title='bbox 1054 3505 1086 3551; x_wconf 88' lang='lat' dir='ltr'><strong>ita</strong></span> <span class='ocrx_word' id='word_1_181' title='bbox 1102 3505 1183 3550; x_wconf 85' lang='lat' dir='ltr'><strong>Latine</strong></span> <span class='ocrx_word' id='word_1_182' title='bbox 1195 3505 1290 3551; x_wconf 77' lang='lat' dir='ltr'><strong>doctum</strong></span> 
     </span>
    </p>

    <p class='ocr_par' dir='ltr' id='par_1_6' title="bbox 180 3587 1290 3903">
     <span class='ocr_line' id='line_1_26' title="bbox 180 3587 1290 3650; baseline 0.001 -18"><span class='ocrx_word' id='word_1_183' title='bbox 180 3606 185 3628; x_wconf 65' lang='grc' dir='ltr'>ε</span> <span class='ocrx_word' id='word_1_184' title='bbox 229 3597 233 3602; x_wconf 84' lang='grc'><strong>“</strong></span> <span class='ocrx_word' id='word_1_185' title='bbox 291 3587 363 3634; x_wconf 76' lang='lat' dir='ltr'><strong>fuisse</strong></span> <span class='ocrx_word' id='word_1_186' title='bbox 380 3589 549 3649; x_wconf 82' lang='lat' dir='ltr'><strong>existimemus,</strong></span> <span class='ocrx_word' id='word_1_187' title='bbox 563 3598 589 3635; x_wconf 90' lang='lat' dir='ltr'><strong>ut</strong></span> <span class='ocrx_word' id='word_1_188' title='bbox 610 3605 703 3636; x_wconf 82' lang='lat' dir='ltr'><strong>caussas</strong></span> <span class='ocrx_word' id='word_1_189' title='bbox 717 3589 761 3636; x_wconf 86' lang='lat' dir='ltr'><strong>ista</strong></span> <span class='ocrx_word' id='word_1_190' title='bbox 774 3590 852 3650; x_wconf 82' lang='lat' dir='ltr'><strong>lingua</strong></span> <span class='ocrx_word' id='word_1_191' title='bbox 867 3605 931 3638; x_wconf 80' lang='lat' dir='ltr'><strong>orare</strong></span> <span class='ocrx_word' id='word_1_192' title='bbox 947 3590 1066 3649; x_wconf 84' lang='lat' dir='ltr'><strong>potuisset.</strong></span> <span class='ocrx_word' id='word_1_193' title='bbox 1087 3589 1119 3636; x_wconf 86' lang='lat' dir='ltr'><strong>De</strong></span> <span class='ocrx_word' id='word_1_194' title='bbox 1130 3589 1180 3650; x_wconf 88' lang='lat' dir='ltr'><strong>ejus</strong></span> <span class='ocrx_word' id='word_1_195' title='bbox 1194 3587 1290 3634; x_wconf 80' lang='lat' dir='ltr'><strong>Latinae</strong></span> 
     </span>
     <span class='ocr_line' id='line_1_27' title="bbox 292 3668 1290 3735; baseline -0.002 -14"><span class='ocrx_word' id='word_1_196' title='bbox 292 3673 385 3735; x_wconf 82' lang='lat' dir='ltr'><strong>linguae</strong></span> <span class='ocrx_word' id='word_1_197' title='bbox 397 3672 479 3732; x_wconf 81' lang='lat' dir='ltr'><strong>peritia</strong></span> <span class='ocrx_word' id='word_1_198' title='bbox 491 3673 552 3719; x_wconf 79' lang='lat' dir='ltr'><strong>coni.</strong></span> <span class='ocrx_word' id='word_1_199' title='bbox 569 3673 689 3734; x_wconf 87' lang='lat' dir='ltr'><strong>Wieland,</strong></span> <span class='ocrx_word' id='word_1_200' title='bbox 703 3672 744 3721; x_wconf 89' lang='lat' dir='ltr'><strong>Th.</strong></span> <span class='ocrx_word' id='word_1_201' title='bbox 758 3673 778 3734; x_wconf 90' lang='lat'><strong>1,</strong></span> <span class='ocrx_word' id='word_1_202' title='bbox 794 3674 870 3721; x_wconf 76' lang='lat' dir='ltr'><strong>Praei.</strong></span> <span class='ocrx_word' id='word_1_203' title='bbox 880 3673 935 3721; x_wconf 89' lang='lat' dir='ltr'><strong>VII.</strong></span> <span class='ocrx_word' id='word_1_204' title='bbox 952 3682 975 3720; x_wconf 86' lang='lat' dir='ltr'><strong>et</strong></span> <span class='ocrx_word' id='word_1_205' title='bbox 982 3673 1024 3720; x_wconf 87' lang='lat' dir='ltr'><strong>Th.</strong></span> <span class='ocrx_word' id='word_1_206' title='bbox 1040 3673 1075 3729; x_wconf 91' lang='lat' dir='ltr'><strong>V,</strong></span> <span class='ocrx_word' id='word_1_207' title='bbox 1086 3671 1109 3719; x_wconf 86' lang='lat' dir='ltr'><strong>S.</strong></span> <span class='ocrx_word' id='word_1_208' title='bbox 1125 3668 1188 3726; x_wconf 80' lang='lat'>242;</span> <span class='ocrx_word' id='word_1_209' title='bbox 1202 3671 1290 3733; x_wconf 85' lang='lat' dir='ltr'><strong>Jacob,</strong></span> 
     </span>
     <span class='ocr_line' id='line_1_28' title="bbox 293 3753 1289 3820; baseline -0.002 -16"><span class='ocrx_word' id='word_1_210' title='bbox 293 3757 402 3806; x_wconf 72' lang='lat' dir='ltr'><strong>(lberakt.</strong></span> <span class='ocrx_word' id='word_1_211' title='bbox 415 3757 454 3803; x_wconf 83' lang='lat' dir='ltr'><strong>des</strong></span> <span class='ocrx_word' id='word_1_212' title='bbox 466 3755 521 3804; x_wconf 83' lang='lat' dir='ltr'><strong>Luc.</strong></span> <span class='ocrx_word' id='word_1_213' title='bbox 536 3755 559 3804; x_wconf 86' lang='lat' dir='ltr'><strong>S.</strong></span> <span class='ocrx_word' id='word_1_214' title='bbox 572 3754 614 3805; x_wconf 90' lang='lat'><strong>91.</strong></span> <span class='ocrx_word' id='word_1_215' title='bbox 630 3757 655 3805; x_wconf 87' lang='lat' dir='ltr'><strong>C.</strong></span> <span class='ocrx_word' id='word_1_216' title='bbox 671 3757 708 3805; x_wconf 84' lang='lat' dir='ltr'><strong>Fr.</strong></span> <span class='ocrx_word' id='word_1_217' title='bbox 723 3757 838 3804; x_wconf 84' lang='lat' dir='ltr'><strong>Hermann</strong></span> <span class='ocrx_word' id='word_1_218' title='bbox 847 3793 854 3819; x_wconf 86' lang='lat'><strong>,</strong></span> <span class='ocrx_word' id='word_1_219' title='bbox 863 3757 963 3820; x_wconf 79' lang='lat' dir='ltr'><strong>Allgem.</strong></span> <span class='ocrx_word' id='word_1_220' title='bbox 977 3757 1069 3804; x_wconf 81' lang='lat' dir='ltr'><strong>Schulz.</strong></span> <span class='ocrx_word' id='word_1_221' title='bbox 1080 3753 1152 3804; x_wconf 84' lang='lat'><strong>1832.</strong></span> <span class='ocrx_word' id='word_1_222' title='bbox 1160 3755 1232 3804; x_wconf 82' lang='lat' dir='ltr'><strong>Abtb.</strong></span> <span class='ocrx_word' id='word_1_223' title='bbox 1247 3756 1289 3812; x_wconf 84' lang='lat'><strong>11,</strong></span> 
     </span>
     <span class='ocr_line' id='line_1_29' title="bbox 293 3826 605 3903; baseline 0.003 -15"><span class='ocrx_word' id='word_1_224' title='bbox 293 3838 438 3903; x_wconf 79' lang='lat' dir='ltr'><strong>n0.102,s.</strong></span> <span class='ocrx_word' id='word_1_225' title='bbox 450 3826 605 3889; x_wconf 69' lang='grc' dir='ltr'>εἶτ’·-</span> 
     </span>
    </p>
   </div>
   <div class='ocr_carea' id='block_1_6' title="bbox 292 3951 1291 4191">
    <p class='ocr_par' dir='ltr' id='par_1_7' title="bbox 292 3951 1291 4191">
     <span class='ocr_line' id='line_1_30' title="bbox 329 3951 1291 4025; baseline -0.002 -21"><span class='ocrx_word' id='word_1_226' title='bbox 329 3952 343 3981; x_wconf 77' lang='lat'><em>²</em></span> <span class='ocrx_word' id='word_1_227' title='bbox 361 3955 447 4004; x_wconf 82' lang='lat' dir='ltr'><strong>Piscat.</strong></span> <span class='ocrx_word' id='word_1_228' title='bbox 462 3971 482 4002; x_wconf 87' lang='lat' dir='ltr'><strong>e.</strong></span> <span class='ocrx_word' id='word_1_229' title='bbox 496 3953 520 4002; x_wconf 88' lang='grc'><strong>9.</strong></span> <span class='ocrx_word' id='word_1_230' title='bbox 540 3951 678 4002; x_wconf 77' lang='grc' dir='ltr'><strong><em>δικανικόν</em></strong></span> <span class='ocrx_word' id='word_1_231' title='bbox 695 3955 834 4004; x_wconf 74' lang='grc' dir='ltr'><strong><em>τινα-καὶ</em></strong></span> <span class='ocrx_word' id='word_1_232' title='bbox 853 3955 1013 4025; x_wconf 75' lang='grc' dir='ltr'><strong><em>πανοῦργον.</em></strong></span> <span class='ocrx_word' id='word_1_233' title='bbox 1037 3956 1119 4005; x_wconf 81' lang='lat' dir='ltr'><strong>Toxar.</strong></span> <span class='ocrx_word' id='word_1_234' title='bbox 1138 3975 1158 4005; x_wconf 90' lang='lat' dir='ltr'><strong>c.</strong></span> <span class='ocrx_word' id='word_1_235' title='bbox 1176 3954 1218 4005; x_wconf 89' lang='grc'><strong>38.</strong></span> <span class='ocrx_word' id='word_1_236' title='bbox 1236 3955 1291 4022; x_wconf 70' lang='grc' dir='ltr'><strong>ἕρν-</strong></span> 
     </span>
     <span class='ocr_line' id='line_1_31' title="bbox 292 4035 1291 4108; baseline 0.002 -23"><span class='ocrx_word' id='word_1_237' title='bbox 292 4035 459 4086; x_wconf 67' lang='grc' dir='ltr'><strong><em>στικὸνι-καὶ</em></strong></span> <span class='ocrx_word' id='word_1_238' title='bbox 487 4035 632 4087; x_wconf 71' lang='grc' dir='ltr'><strong><em>δικανικόν.</em></strong></span> <span class='ocrx_word' id='word_1_239' title='bbox 654 4036 732 4087; x_wconf 81' lang='lat' dir='ltr'><strong>Some.</strong></span> <span class='ocrx_word' id='word_1_240' title='bbox 748 4057 768 4086; x_wconf 90' lang='lat' dir='ltr'><strong>o.</strong></span> <span class='ocrx_word' id='word_1_241' title='bbox 783 4037 822 4087; x_wconf 83' lang='lat'><strong>17.</strong></span> <span class='ocrx_word' id='word_1_242' title='bbox 839 4040 941 4108; x_wconf 80' lang='grc' dir='ltr'><strong><em>μακρὸν</em></strong></span> <span class='ocrx_word' id='word_1_243' title='bbox 956 4040 988 4088; x_wconf 91' lang='grc' dir='ltr'><strong>τὸ</strong></span> <span class='ocrx_word' id='word_1_244' title='bbox 1003 4039 1125 4090; x_wconf 67' lang='lat' dir='ltr'><strong>dehortor</strong></span> <span class='ocrx_word' id='word_1_245' title='bbox 1147 4038 1194 4087; x_wconf 75' lang='lat' dir='ltr'><strong>aad</strong></span> <span class='ocrx_word' id='word_1_246' title='bbox 1210 4037 1291 4087; x_wconf 78' lang='grc' dir='ltr'><strong><em>δικα-</em></strong></span> 
     </span>
     <span class='ocr_line' id='line_1_32' title="bbox 292 4115 1232 4191; baseline -0.003 -20"><span class='ocrx_word' id='word_1_247' title='bbox 292 4120 373 4171; x_wconf 79' lang='grc' dir='ltr'><strong><em>νικόν.</em></strong></span> <span class='ocrx_word' id='word_1_248' title='bbox 388 4124 505 4171; x_wconf 85' lang='lat' dir='ltr'><strong>Prometh.</strong></span> <span class='ocrx_word' id='word_1_249' title='bbox 525 4142 544 4172; x_wconf 84' lang='lat' dir='ltr'><strong>a.</strong></span> <span class='ocrx_word' id='word_1_250' title='bbox 570 4125 665 4172; x_wconf 76' lang='lat' dir='ltr'><strong>canoas.</strong></span> <span class='ocrx_word' id='word_1_251' title='bbox 685 4142 705 4171; x_wconf 93' lang='lat' dir='ltr'><strong>e.</strong></span> <span class='ocrx_word' id='word_1_252' title='bbox 728 4125 752 4171; x_wconf 79' lang='grc'><strong>4.</strong></span> <span class='ocrx_word' id='word_1_253' title='bbox 768 4122 902 4183; x_wconf 79' lang='grc' dir='ltr'><strong><em>στωμύλος</em></strong></span> <span class='ocrx_word' id='word_1_254' title='bbox 920 4124 970 4191; x_wconf 73' lang='grc' dir='ltr'><strong>γὰρ</strong></span> <span class='ocrx_word' id='word_1_255' title='bbox 991 4115 1016 4173; x_wconf 72' lang='grc' dir='ltr'><strong>οἷ</strong></span> <span class='ocrx_word' id='word_1_256' title='bbox 1029 4125 1075 4173; x_wconf 80' lang='grc' dir='ltr'><strong>καὶ</strong></span> <span class='ocrx_word' id='word_1_257' title='bbox 1090 4119 1232 4176; x_wconf 66' lang='lat' dir='ltr'><strong>desuetudo.</strong></span> 
     </span>
    </p>
   </div>
   <div class='ocr_carea' id='block_1_7' title="bbox 0 0 1590 5018">
    <p class='ocr_par' dir='ltr' id='par_1_8' title="bbox 0 0 1590 5018">
     <span class='ocr_line' id='line_1_33' title="bbox 0 0 1590 5018; baseline 0 0"><span class='ocrx_word' id='word_1_258' title='bbox 0 0 1590 5018; x_wconf 95' lang='lat' dir='ltr'><strong> </strong></span> 
     </span>
    </p>
   </div>
  </div>
 </body>
</html>
