3160 5018
764 441 805 500 35

284 631 457 696 Pantheum
486 629 660 708 exstitisse,
680 629 817 694 amicam
841 652 911 694 eam
932 631 966 694 L.
981 630 1080 714 Veri,
1106 641 1287 716 temporum

286 763 317 815 et
338 754 485 816 locorum
504 750 585 814 ratio
598 747 716 832 jubere
735 748 864 813 ridetur
884 760 921 814 ut
941 770 994 814 eos
1013 749 1187 814 reseramus
1200 750 1286 814 adid

285 871 418 935 Luciani
441 881 585 954 tempus,
608 890 673 954 quo
695 867 765 952 jam
792 869 906 933 relicti
935 868 1061 947 Galliis,
1092 879 1285 955 anteaquam

285 987 419 1051 Athenis
440 986 640 1065 consideret,
663 987 803 1071 patriam
825 1008 915 1051 suam
936 986 1082 1049 inriserit
1105 999 1127 1051 ¹.

330 1105 550 1170 Oratoriorum
580 1105 681 1192 igitur
705 1104 914 1169 flosculorum
943 1103 1074 1168 lascivia
1108 1104 1154 1168 ita
1182 1105 1285 1169 solum

289 1224 468 1310 explicatur
491 1223 517 1286 si
537 1222 678 1287 Luciano
700 1221 885 1306 credimus,
904 1221 988 1287 hanc
1008 1222 1203 1302 Panthcam,
1227 1226 1284 1288 etsi

286 1340 578 1427 intemperantioris
597 1340 799 1425 imperatoris
826 1340 977 1416 amicam,
1008 1343 1172 1428 egregiam
1188 1341 1285 1429 plane

285 1461 522 1546 amabilemque
539 1459 682 1545 puellam
698 1459 817 1536 luisse,
837 1457 1039 1545 eandemque
1061 1471 1224 1541 ornatam,
1248 1463 1285 1526 ed

284 1579 403 1643 artium
422 1599 459 1643 ac
479 1578 648 1640 literarum
672 1575 848 1653 varietate,
881 1597 946 1662 qua
967 1576 1187 1642 luxuriantem
1207 1580 1285 1642 seri-

284 1698 347 1760 oris
370 1696 441 1760 aeri
461 1693 604 1758 indolem
626 1691 837 1756 eximiarum
866 1704 1032 1757 venustate
1060 1696 1194 1760 referret
1211 1707 1234 1774 ²,
1253 1709 1287 1761 et

285 1814 310 1876 si
335 1833 431 1897 porro
453 1809 621 1872 statuimus
649 1807 847 1886 lucianum,
872 1827 977 1892 quum
996 1808 1030 1872 in
1050 1811 1158 1893 priore
1173 1812 1287 1877 ,collo-

286 1931 364 2018 quio
389 1951 425 1992 cx
445 1924 725 2011 praestantissimis
753 1925 938 2012 quibusque
956 1927 1117 1992 artificum
1135 1930 1286 2014 operibus

286 2061 318 2114 et
347 2045 552 2113 nobilissimis
583 2043 742 2108 variarum
775 2046 930 2108 virtutum
955 2046 1110 2130 exemplis
1144 2047 1285 2113 divinam

284 2165 457 2252 quamdam
485 2162 626 2249 speciem
655 2162 811 2249 fingeret,
837 2184 973 2249 eamque
1001 2164 1093 2250 quasi
1118 2167 1286 2252 propriam

283 2284 383 2372 ipsius
404 2283 579 2370 imaginem
602 2282 630 2346 ei
652 2281 831 2346 dedicatam
850 2282 884 2346 in
903 2283 1018 2369 vulgus
1040 2284 1149 2348 ederet
1173 2300 1196 2365 ³,
1220 2307 1286 2350 non

282 2403 414 2488 quidem
445 2403 513 2466 sine
539 2423 612 2465 vera
644 2422 701 2464 sua
729 2400 817 2463 illius
844 2399 1058 2466 admiratione
1088 2401 1122 2466 id
1150 2403 1284 2481 fecisse,

281 2534 501 2587 verumtamen
527 2541 564 2583 eo
592 2518 687 2582 modo
721 2530 758 2582 ut
793 2518 1031 2602 compositionis
1053 2543 1129 2584 suae
1150 2522 1286 2585 formam

281 2652 379 2726 atque
400 2640 541 2702 colorem
565 2646 723 2721 quantum
745 2634 881 2698 maxime
899 2644 1005 2717 posset
1023 2634 1064 2700 ad
1085 2635 1174 2698 illius
1193 2635 1283 2720 judi-

280 2758 370 2822 cium
388 2754 623 2844 ingeniumque
647 2749 842 2816 concinnare
865 2748 1017 2814 studeret.

325 2877 429 2942 Nimia
451 2886 483 2940 et
504 2871 603 2938 effusa
623 2870 765 2936 laudatio
780 2867 901 2952 justam
918 2889 1062 2934 caussam
1086 2892 1150 2935 non
1169 2870 1281 2953 affert,

279 3008 316 3060 ut
352 3017 505 3084 negemus
535 2992 679 3078 potuisse
705 2989 884 3053 Lucianum
910 2987 946 3051 eri
968 2989 1140 3054 formosam
1167 2991 1283 3055 mulie-

279 3236 327 3284 τοῦ
354 3233 465 3302 Οὐὴρου
484 3251 525 3295 pru
539 3235 588 3282 τοῦ
614 3235 721 3304 κυρίου,
735 3238 863 3296 profectae
881 3238 1007 3285 collatione
1024 3238 1165 3285 scholiorum
1184 3239 1284 3288 adhuc.

281 3319 353 3381 lmag.
368 3335 388 3369 c.
411 3317 458 3379 10,
479 3326 502 3364 et
522 3317 568 3363 Pro
587 3317 660 3381 Imag.
675 3337 696 3369 c.
720 3319 748 3381 1,
761 3321 875 3381 ejusmodi
894 3330 944 3383 est,
965 3331 991 3368 ut
1013 3338 1065 3370 cum
1086 3321 1203 3368 Schultzio
1225 3322 1282 3386 (rid.

280 3401 558 3452 adnutt.adl1.Antcn.
572 3403 633 3452 Edit.
649 3403 756 3468 Stereot.)
777 3400 874 3452 dixerim
890 3421 959 3466 prope
971 3406 1037 3452 nefas
1051 3405 1124 3451 videri
1135 3406 1163 3452 de
1177 3421 1205 3451 ca
1216 3405 1284 3452 dubi·

280 3499 336 3537 tare.
356 3489 423 3536 Conl.
439 3501 506 3547 porro
517 3486 596 3535 helim.
613 3488 667 3538 adn.
680 3488 710 3534 ad
723 3488 795 3550 lmag.
808 3488 846 3535 tit.

313 3582 323 3617 ¹
343 3585 455 3632 Nimirum
478 3582 507 3631 ad
529 3592 618 3644 tempus
638 3583 741 3630 Parthici
765 3584 824 3632 belli
840 3586 959 3632 referenda
972 3593 1037 3642 sunt,
1058 3599 1105 3646 quc
1126 3584 1153 3632 L.
1167 3584 1242 3633 Verus
1257 3585 1282 3631 in

278 3667 371 3715 Oriente
385 3669 437 3716 luit.

312 3765 323 3801 ²
343 3765 415 3826 Imsg.
434 3781 454 3812 c.
474 3763 514 3813 16.
537 3765 660 3832 ποικίλην
675 3765 778 3826 μέντοι,
800 3765 847 3814 καί
864 3765 1035 3834 πολύμορφον
1049 3765 1111 3835 (τὴν
1124 3764 1281 3832 παιδείαν),

277 3847 330 3896 inlr.
345 3846 375 3895 οὐ
392 3849 443 3916 γὰρ
461 3842 522 3900 ἔσθ’
545 3849 559 3897 ὅ
574 3869 601 3899 τι
614 3851 739 3901 τοιοῦτον
753 3851 781 3901 ἐν
795 3858 851 3909 τοῖς
862 3851 947 3902 πάλαι
959 3852 1089 3908 παιδείας
1106 3851 1166 3919 πίρι
1177 3869 1281 3917 μνημο-

277 3933 398 3983 esteves.

313 4031 324 4066 ³
343 4031 444 4078 Priorem
469 4030 555 4078 librum
576 4049 625 4080 non
644 4034 718 4094 ipsum
740 4051 817 4083 coram
838 4034 935 4084 muliere
954 4035 1075 4090 recitasse,
1090 4036 1129 4084 sed
1151 4037 1175 4083 in
1198 4039 1281 4098 vulgus

277 4116 389 4176 edidisse,
403 4115 454 4162 vid.
473 4115 544 4178 lmag.
564 4135 584 4166 c.
598 4115 639 4165 23.
660 4119 705 4165 Pro
725 4119 797 4182 lmrg.
819 4137 840 4169 c.
856 4117 895 4167 12.
915 4127 971 4166 ete.
989 4117 1037 4182 tt,
1059 4119 1105 4166 τὸν
1128 4117 1205 4183 λόγον
1224 4119 1279 4184 ἤδη

280 4197 484 4258 διαδεδομένον.
