3160 5018
759 437 799 498 73

298 631 356 717 (τῷ
384 627 597 718 Περεγρίνῷ).
636 632 736 695 Recte
768 627 994 694 animadvertit
1018 626 1158 705 Welzl.‚
1188 647 1219 712 p.
1247 630 1289 706 7,

294 747 455 811 diversum
476 758 563 812 corte
585 745 619 813 h.
644 748 668 812 l.
693 747 754 810 iter
775 746 950 835 significari
974 745 1015 810 ab
1040 767 1096 824 eo,
1120 766 1185 831 quo
1209 745 1291 810 ado-

293 865 417 928 lescens
438 864 579 948 primum
601 865 635 930 in
655 865 822 930 Graeciam
842 865 945 946 venit3
965 864 1051 929 eBis
1070 863 1186 929 Aecus.
1204 863 1290 928 eninr

292 981 515 1069 intelligimus,
525 981 907 1068 Lucienum‚anteaquam
915 981 949 1046 in
960 981 1130 1048 Graeciam
1140 981 1294 1069 migraret

293 1097 494 1184 aliquamdiu
512 1099 547 1162 in
570 1102 663 1166 Jonia
685 1097 864 1165 rhetoricae
883 1122 1015 1185 operam
1027 1099 1153 1165 dedisse
1167 1097 1210 1188 (c.
1225 1101 1287 1177 27,

294 1221 365 1298 περὶ
376 1223 436 1300 τὴν
447 1218 585 1288 Ἰωνίαν
596 1219 1146 1307 εὑροῦσαπλαζόμενον-ἐπαίδευσα
1157 1215 1289 1305 κ.τ.λ.);

292 1335 414 1399 idcirco
437 1334 605 1420 deprimo
625 1336 660 1400 in
682 1337 784 1422 ipsam
805 1336 975 1404 Graeciam
990 1335 1129 1402 adventu
1145 1334 1291 1400 dicturus

292 1450 398 1534 potius
414 1451 536 1518 luerat:
556 1456 609 1521 ὁτὲ
631 1443 710 1538 ἧκον
731 1455 794 1520 ἀπ’
821 1454 995 1529 Ἰωνίας.
1020 1451 1180 1533 Accedit,
1202 1450 1290 1538 qnod

292 1569 424 1635 verbum
437 1571 541 1637 πάλαι
551 1570 586 1634 in
597 1571 728 1658 Peregr.
738 1592 768 1638 c.
784 1573 838 1646 43,
852 1570 956 1635 verbis
976 1571 1096 1636 laudat.
1110 1593 1174 1636 non
1185 1580 1290 1655 potest

290 1685 329 1750 ad
356 1697 514 1750 remotum
536 1697 662 1772 tempus
685 1687 816 1767 referri,
839 1688 917 1773 qnia
937 1710 1002 1768 res,
1029 1710 1108 1774 quas
1127 1688 1232 1753 amico
1257 1710 1290 1751 se

291 1815 362 1888 post
385 1802 555 1869 advenam
576 1827 720 1870 narrasse
739 1805 800 1886 ait,
822 1826 888 1870 non
908 1803 1067 1890 ejusmodi
1085 1816 1183 1885 sunt,
1200 1807 1290 1870 ulad

291 1921 406 1985 veteris
437 1922 593 2008 colloquii
629 1922 815 1988 memoriam
848 1922 888 1988 de
925 1922 964 1986 iis
993 1943 1169 2007 provocare
1193 1924 1289 1988 facile

291 2039 458 2122 potuisset.
473 2041 600 2104 -Non
625 2039 715 2104 aliud
736 2050 844 2105 autern
867 2041 928 2107 iter
952 2061 990 2108 eo
1016 2039 1090 2105 loco
1115 2039 1289 2127 significari

292 2154 436 2235 videtur,
467 2168 564 2245 atque
588 2157 643 2235 id,
670 2156 758 2244 quod
781 2157 815 2221 in
848 2154 1050 2222 Alexandro
1079 2166 1288 2222 memoratum

291 2273 448 2357 videmns3
472 2275 506 2337 in
527 2294 614 2360 quo,
636 2296 738 2361 quum
764 2295 795 2341 c.
813 2279 875 2355 55,
897 2278 960 2353 56,
980 2296 1038 2360 per
1053 2274 1287 2359 Cappadociam

290 2404 322 2455 ot
342 2389 594 2480 Paphlagoniam
616 2393 777 2458 Amastrin
795 2393 830 2457 in
851 2392 1033 2481 Bithyniam
1052 2391 1216 2478 profectus
1228 2391 1285 2469 sit,

288 2531 305 2571 e
325 2509 416 2596 Syria
446 2509 572 2574 videtur
593 2509 763 2575 Graeciam
783 2530 893 2573 versus
913 2508 1023 2584 ivisse,
1047 2529 1181 2596 eamque
1204 2508 1285 2572 riarn

289 2624 412 2706 tonuit,
439 2645 503 2710 qna
533 2624 791 2690 commodissime
811 2623 930 2689 deinde
951 2645 968 2687 e
986 2623 1107 2689 Troade
1130 2625 1162 2688 in
1185 2624 1287 2688 Grae-

287 2743 369 2807 ciam
399 2741 559 2807 transvehi
584 2743 700 2827 potuit.
725 2742 794 2807 Hoc
814 2743 915 2830 igitur
931 2744 1012 2820 iter,
1030 2743 1055 2805 si
1075 2753 1149 2808 ante
1164 2764 1286 2808 annum

283 2860 389 2930 CLXV
413 2860 593 2946 perfectum
623 2871 691 2938 est,
712 2871 749 2924 ut
770 2861 883 2944 perfici
906 2861 1050 2946 potuisse
1066 2881 1163 2945 snpra
1178 2860 1285 2946 capli-

285 2977 428 3042 carimus
443 3028 451 3056 ,
466 2990 592 3058 tamen,
614 2998 716 3063 quum
735 2977 889 3042 inciderit
910 2977 944 3041 in
955 2977 1085 3042 ultimos
1097 2999 1197 3042 annos
1207 2998 1285 3062 pro-

284 3091 399 3176 phetae
428 3093 622 3172 Alexandri,
652 3095 711 3180 qui
745 3095 841 3160 etiam
866 3095 1024 3183 flagrante
1050 3094 1283 3160 Marcomanico

285 3209 370 3273 bello
388 3208 558 3274 oraculum
580 3208 686 3292 dedit,
711 3233 777 3275 non
799 3210 903 3276 multo
921 3211 1012 3295 prius
1035 3207 1098 3275 hoc
1119 3232 1284 3276 annoesso

282 3328 398 3410 potuit.
433 3328 541 3414 Atque
574 3328 634 3393 sub
666 3328 773 3415 ipsum
801 3328 863 3393 hoc
889 3339 1014 3413 tempus
1032 3327 1211 3393 lucianum
1230 3331 1285 3396 iti-

283 3469 359 3514 nera
382 3448 496 3514 iecisse
515 3460 666 3534 apparet,
690 3449 725 3512 in
754 3450 873 3538 Quoto.
902 3445 994 3512 Hier.
1013 3445 1149 3515 Concor.
1169 3468 1199 3516 c.
1223 3451 1281 3532 14,

281 3586 355 3630 nam
377 3566 436 3631 snb
460 3565 557 3630 finem
572 3563 715 3630 Parthici
738 3565 839 3640 belli,
858 3565 878 3630 i.
899 3587 926 3630 c.
943 3563 1073 3629 circiter
1090 3587 1119 3631 a.
1138 3565 1279 3642 CLXIV,

281 3696 346 3748 tam
371 3684 405 3748 in
433 3686 525 3750 Jonia
552 3705 651 3770 quam
678 3685 713 3748 in
735 3684 870 3751 Graecial
888 3687 1061 3770 scriptores
1081 3681 1182 3766 hujus
1201 3684 1281 3748 belli

277 3825 428 3888 praesens
447 3805 580 3871 audivit.
606 3807 769 3871 Samosata
794 3805 829 3869 in
848 3805 943 3870 rebus
966 3803 1107 3871 Parthici
1126 3803 1204 3869 belli
1221 3805 1280 3870 ali-

278 3941 358 4005 quas
384 3934 489 4005 partes
521 3922 687 4002 hahuisse,
707 3945 736 3988 c.
767 3925 809 3988 24
831 3922 990 4001 ridemus,
1020 3933 1156 4008 alquee
1183 3943 1210 3986 c.
1240 3927 1279 3988 15

278 4041 433 4125 suspicari
456 4040 553 4119 licet,
573 4054 696 4128 pestem
714 4065 800 4120 eam,
818 4064 902 4129 qnae
922 4043 956 4107 in
974 4041 1149 4129 Babylonia
1172 4055 1280 4108 exorta

283 4160 429 4250 (Capitol.
453 4161 486 4226 in
508 4161 540 4228 L.
567 4162 641 4230 Ver.
673 4185 702 4230 c.
727 4168 767 4243 83
800 4163 834 4227 in
860 4164 900 4230 ll.
922 4164 995 4229 Ant.
1022 4184 1049 4230 c.
1078 4160 1151 4248 13),
1172 4163 1276 4228 statim
