3160 5018
771 437 810 497 42

293 632 440 698 charsidc
458 630 652 715 explicatur,
678 631 782 718 qualis
806 632 911 695 fuerat
935 631 1098 716 quondam
1125 635 1290 718 pertinue-

293 763 426 836 ratque‚
451 761 486 813 ut
514 749 677 833 pertinere
697 747 795 812 unice
823 749 944 832 potuit,
971 749 1011 814 nd
1032 751 1291 816 constitutionem

291 870 413 934 liberae
441 867 596 949 civitatis,
622 887 705 953 quae
731 867 821 929 oioes
852 866 913 931 sibi
941 867 1067 932 volebat
1100 890 1165 933 non
1195 869 1289 935 modo

293 988 393 1050 bonos
416 986 524 1049 animo
551 981 606 1047 sed
635 1005 769 1068 corpore
803 984 899 1047 etiam
931 983 1051 1049 validos
1070 1003 1100 1064 ι,
1124 998 1161 1050 ut
1187 1000 1289 1052 esseut

289 1103 438 1187 φύλακες
464 1103 591 1182 ἀγαθοί
618 1110 674 1185 τῆς
700 1099 824 1175 πόλεως
844 1116 868 1164 2.
893 1101 939 1164 De
965 1121 1034 1185 quo
1058 1102 1191 1187 politico
1212 1126 1289 1169 con-

290 1222 363 1285 silio
379 1219 563 1286 'identidem
576 1219 672 1283 Solon
691 1217 888 1282 Anacharsin
903 1218 1007 1283 docet.
1035 1243 1052 1283 «
1064 1219 1192 1289 Videris
1202 1271 1210 1300 ,
1220 1243 1237 1283 ο
1256 1222 1290 1286 in

292 1337 383 1424 quit,
411 1334 637 1413 «Anacharsi,
671 1333 814 1397 noudum
836 1333 1015 1419 quidquam
1040 1334 1196 1400 derecta
1220 1340 1293 1400 rei-

294 1477 311 1516 (ι
318 1452 480 1539 publicae
487 1449 655 1539 gerendae
666 1453 800 1514 ratione
822 1451 999 1537 cogitasse,
1021 1471 1082 1515 nec
1099 1451 1188 1516 enim
1217 1453 1292 1536 pul-

294 1594 310 1634 «
323 1569 480 1634 cherrima
492 1567 638 1632 instituta
650 1565 914 1650 reprehendenda
924 1567 1112 1633 duceres.-
1121 1568 1174 1632 Uti
1185 1579 1292 1633 eutem

293 1711 312 1749 o
324 1687 446 1760 discas,
472 1684 566 1769 cujus
587 1685 634 1748 rei
651 1684 754 1771 gratia
773 1682 829 1748 has
858 1684 1101 1749 exercitationes
1118 1684 1291 1768 juvenibus

294 1832 310 1870 «
321 1804 601 1891 proposuerimus:
621 1824 735 1887 nempe
748 1825 811 1866 non
824 1814 957 1888 propter
974 1803 1150 1867 certamina
1169 1804 1289 1880 solum,

293 1948 311 1988 «
323 1937 360 1989 ut
374 1925 501 1988 auferre
526 1920 649 2006 possint
670 1921 832 2004 praemia:
866 1921 907 1984 ad
928 1920 984 1986 illa
1004 1921 1089 1984 enim
1117 1922 1215 2005 pauci
1235 1921 1292 1985 ad-

293 2041 453 2106 «modum
473 2038 679 2106 exv-omnibus
704 2037 917 2121 perveniunt:
938 2036 993 2100 sed
1016 2035 1119 2120 majus
1137 2037 1293 2122 quiddam

295 2159 392 2223 «toti
414 2157 553 2221 civitati
576 2178 611 2219 er
640 2175 677 2218 ea
693 2176 727 2216 re
749 2154 885 2232 honum,
911 2165 1008 2239 atquo
1026 2153 1103 2237 ipsis
1121 2153 1200 2218 adeo
1220 2177 1295 2220 con-

293 2299 311 2338 «
324 2275 486 2353 ciliamus;
499 2277 606 2347 cossio
619 2280 679 2360 γάρ
691 2273 840 2352 τιςοῖγὼο
852 2270 952 2346 ἄλλος
962 2275 1065 2336 ἅπασι
1074 2281 1140 2346 τοῖς
1151 2269 1292 2353 ἀγαθοῖς

294 2393 471 2467 «πολίταις
492 2398 679 2477 πρόκειται,
698 2411 870 2454 commune
883 2390 977 2452 enim
995 2389 1165 2476 quoddam
1183 2403 1293 2456 certa-

295 2533 397 2574 «men
422 2507 524 2574 aliud
545 2509 643 2574 bonis
662 2507 819 2572 omnibus
836 2507 969 2572 ciuibus
980 2497 1202 2595 propositum
1225 2521 1291 2589 est,

294 2654 311 2693 o
323 2641 355 2694 et
375 2651 491 2694 corona
508 2651 586 2692 non
613 2651 650 2692 er
679 2628 779 2712 pinu,
805 2648 911 2711 nequo
929 2627 1017 2705 olei,
1039 2637 1095 2691 out
1111 2626 1209 2710 apio,
1233 2627 1288 2692 scd

294 2769 407 2833 «quac
428 2745 593 2810 hominum
616 2745 649 2807 in
673 2767 706 2808 se
731 2745 919 2807 felicitatem
941 2743 1193 2826 complectatur,
1217 2741 1288 2810 οἷον

294 2862 514 2948 «ἐλευθερίαν
532 2863 617 2942 λέγω
634 2864 733 2928 αὐτοῦ
751 2888 786 2926 τε
805 2868 941 2927 ἑκάστου
960 2860 1028 2943 ἰδίᾳ
1046 2865 1101 2926 καί
1122 2871 1218 2948 κοινῇ
1233 2871 1289 2946 τῆς

295 2981 480 3066 «πατρίδος
517 2979 715 3043 libertatem
739 2980 917 3065 privatim
944 2978 1229 3066 uniuscujusque,
1255 2991 1290 3044 et

295 3101 556 3164 «communiter
575 3098 738 3185 patriae,
764 3109 795 3161 et
815 3097 939 3161 divitias
963 3109 994 3162 et
1009 3098 1145 3186 gloriam
1169 3111 1201 3164 ot
1216 3095 1292 3163 seri-

295 3238 413 3282 «arum
434 3217 611 3302 patriarum
630 3218 773 3280 fructum
793 3226 824 3279 et
841 3215 1101 3301 propinquorum
1124 3216 1289 3282 salutem³

296 3346 355 3400 «et
381 3335 415 3398 in
442 3335 628 3399 uuiversum
653 3333 874 3418 pulcherrima
902 3334 1052 3421 quaevis,
1077 3355 1160 3420 quae
1185 3356 1203 3397 a
1229 3333 1290 3398 diis

297 3454 383 3518 «sibi
408 3453 595 3539 contingere
619 3452 736 3540 aliquis
760 3451 917 3536 optaverit
940 3453 963 3518 ⁴.
977 3475 994 3515 »

326 3715 336 3750 1
356 3716 445 3764 Anach.
464 3733 485 3763 c.
499 3712 540 3762 20.
560 3711 628 3769 ὅπως
647 3713 672 3762 οἱ
691 3713 801 3764 πολῖται
817 3711 921 3777 ἀγαθοί
935 3709 983 3773 μὲν
1004 3711 1053 3766 τὰς
1071 3710 1172 3777 ψυχάς,
1189 3711 1294 3778 ἰσχυροί

295 3796 327 3846 δὲ
343 3799 379 3847 τὰ
396 3796 510 3859 σώματα
527 3797 668 3860 γίγνοιντο.

332 3897 343 3932 ²
363 3895 453 3942 Anach.
465 3913 486 3943 c.
502 3891 543 3942 30.

328 3991 340 4026 ⁵
357 3994 433 4042 Aliter
449 3993 517 4042 vertit
536 3994 665 4041 Gesnerus:
686 3993 727 4040 roi
739 3991 897 4051 familiaris
918 3990 1155 4052 conservationem,
1171 3997 1291 4049 utrumque

298 4094 389 4124 sonsum
408 4078 548 4126 Wielendus
560 4077 680 4138 complecti
696 4085 802 4125 conetur.
823 4076 876 4125 vid.
891 4076 916 4123 T.
934 4075 987 4138 lV,
1005 4091 1027 4136 p.
1042 4073 1099 4123 337.

333 4172 346 4203 ⁴
366 4171 456 4221 Amen.
469 4190 489 4220 o.
505 4170 550 4232 14,
566 4169 607 4222 15.
