3160 5018
793 423 835 484 38

312 612 509 691 existimare,
533 611 742 679 lectissimum
764 611 937 699 quemdam
963 608 1045 674 illud
1076 609 1218 674 fructum
1243 633 1311 678 ma-

312 730 442 796 turioris
465 728 600 793 Luciani
620 730 732 795 aetatis
750 751 839 806 esso,
857 750 923 816 qun
940 729 1069 792 intimos
1092 729 1199 812 potius
1211 731 1311 796 animi

311 871 419 916 sensus
435 860 467 914 et
484 848 518 912 in
531 847 669 934 patriam
685 869 774 914 suam
795 847 1005 924 voluntatem,
1025 867 1122 932 quam
1142 847 1310 934 ingenium

313 966 481 1034 ostendere
499 966 648 1031 voluerit.
673 967 790 1030 Sensus
806 965 840 1029 in
865 964 923 1029 illo
947 962 1118 1050 declarati,
1142 976 1310 1050 utcunque

308 1109 367 1172 per
392 1109 426 1150 se
454 1085 652 1164 laudabiles,
675 1084 792 1169 passim
815 1082 995 1148 istiusmodi
1026 1095 1119 1162 sunt,
1139 1094 1176 1148 ut
1203 1105 1309 1169 neque

307 1206 423 1271 natalis
440 1204 576 1270 Luciani
595 1205 683 1268 urbis
705 1215 838 1284 natura,
856 1223 916 1268 nec
936 1202 1036 1286 ipsius
1056 1202 1180 1268 indoles
1198 1226 1308 1268 eorum

307 1322 474 1387 veritatem
492 1321 649 1388 admittat.
666 1323 902 1385 Samosatorum
928 1339 1045 1384 nomen
1065 1342 1130 1385 non
1146 1321 1308 1386 Lucienus

305 1440 453 1504 venerari
475 1439 582 1523 potuit
608 1437 696 1524 quod
715 1459 774 1522 per
797 1438 898 1521 patris
913 1449 1039 1523 patrem
1062 1447 1093 1501 et
1113 1458 1306 1522 proavorum

305 1557 420 1620 seriem
449 1554 532 1621 illud
567 1576 684 1620 nomen
718 1554 929 1620 adscenderet
964 1576 1067 1641 usque
1104 1554 1145 1618 ad
1186 1556 1307 1638 patrios

305 1676 380 1739 deos
403 1702 427 1740 1.
461 1675 532 1738 Non
557 1685 604 1739 est
635 1672 811 1751 credibile,
842 1694 917 1738 eum
947 1672 1094 1738 doctrinis
1124 1674 1306 1758 opibusque

303 1791 495 1880 quaerendis
517 1794 752 1856 Samosatorum
770 1791 972 1877 potissimum
1004 1791 1206 1856 commodum
1235 1812 1305 1875 spe-

302 1921 404 1975 ctasse
423 1927 447 1975 ².
472 1912 542 1975 Non
568 1910 703 1975 Luciani
726 1907 868 1994 denique
885 1907 946 1973 hoc
974 1910 1142 1994 proprium
1163 1911 1244 1989 fuit,
1269 1922 1306 1973 ut

304 2027 486 2094 celebraret
507 2026 641 2092 deorum
661 2026 819 2113 proclives
840 2026 874 2091 in
895 2027 1014 2110 patrias
1037 2049 1110 2092 suas
1128 2027 1249 2092 animos
1266 2049 1304 2090 ac

303 2145 420 2213 delndo
431 2145 584 2208 clamaret
595 2148 623 2209 el
633 2144 668 2210 δὲ
679 2152 769 2216 θεοῖς
780 2143 890 2226 τίμιον
901 2150 937 2208 τὸ
948 2151 1004 2226 τῆς
1016 2146 1174 2229 πατρίδος
1186 2150 1302 2228 ὄνομα,

302 2267 372 2335 πῶς
390 2264 448 2330 οὐκ
462 2264 654 2346 ἀνθρώποις
674 2286 709 2340 γε
732 2259 843 2345 πολλῷ
858 2259 985 2343 μᾶλλον
1004 2264 1027 2325 ³.
1052 2262 1122 2324 Non
1143 2261 1220 2324 civis
1241 2263 1303 2324 Lu-

303 2379 389 2444 ciaui
421 2379 578 2444 sententia
602 2376 613 2411 ⁴
636 2377 671 2440 in
699 2376 816 2442 talibus
841 2376 897 2442 sed
923 2375 1057 2442 rhetoris
1080 2398 1198 2462 pompa
1226 2399 1302 2442 con-

302 2498 416 2582 spicua
445 2508 506 2578 est3
539 2517 600 2561 nec
628 2495 859 2579 dubitandum,
885 2495 965 2582 quin
995 2497 1144 2582 egregius
1173 2495 1303 2560 libellus

302 2637 361 2700 pro
387 2614 559 2701 sophistica
583 2615 800 2701 disputatione
822 2613 990 2678 habendus
1013 2613 1064 2682 sit.

344 2852 465 2919 Verum
483 2862 610 2936 praeter
623 2842 742 2943 haecde
763 2848 797 2912 in
818 2849 945 2933 scriptis
960 2858 1035 2912 ante
1049 2859 1208 2911 mutatum
1221 2849 1302 2912 vitae

299 3065 362 3114 «Die
377 3064 511 3128 Inniglreit‚
526 3065 614 3112 welche
620 3066 703 3128 derin,
716 3066 768 3114 Iern
776 3083 822 3114 von
830 3068 899 3116 allem
906 3066 1271 3130 liedeprunke‚berrscht‚stellt
1277 3085 1300 3115 es

296 3151 340 3197 den
355 3150 456 3198 edelsten
469 3147 731 3215 Hersensergiessungen
744 3153 804 3199 ulter
816 3153 864 3200 und
879 3171 949 3202 neuer
965 3153 1129 3202 Sobriltsteller
1147 3154 1204 3199 iiber
1222 3153 1299 3199 diesen

295 3234 395 3282 edelsten
410 3235 556 3297 Gegenttnnd
570 3236 635 3284 nicht
648 3237 771 3300 unwiirdig
783 3254 813 3284 en
824 3238 862 3285 die
876 3237 966 3290 Seite.»
984 3238 1058 3287 simil.
1073 3237 1105 3288 A.
1121 3238 1197 3300 Pauly
1210 3237 1235 3284 in
1250 3239 1300 3284 sin-

294 3321 369 3382 gulari
385 3319 409 3366 b.
423 3320 443 3372 l.
457 3319 493 3372 ed.
510 3337 562 3368 cnm
576 3320 654 3373 Somn.
673 3330 696 3369 et
708 3321 799 3370 Anacb.
814 3322 910 3387 Tubing.
926 3321 1007 3383 1825,
1027 3325 1114 3386 prolog.
1130 3340 1152 3384 p.
1170 3321 1263 3372 xtvll
1275 3331 1298 3369 et

296 3405 423 3458 Lehmann.
439 3404 504 3452 Toni.
515 3405 590 3464 VIII,
603 3423 625 3467 p.
640 3403 704 3468 125,
720 3405 779 3459 485.
792 3406 863 3472 Angl.
879 3409 977 3470 Interpr.
994 3409 1074 3458 Thon.
1090 3409 1232 3456 Frnnklinus
1248 3409 1297 3470 jam

292 3500 354 3539 recte
366 3491 434 3538 vidit.
451 3488 612 3538 scholasticam
622 3491 713 3542 dissert.
729 3509 795 3559 esse3
811 3493 954 3556 improbatus
971 3495 995 3546 b.
1010 3496 1103 3542 nomine
1117 3511 1131 3540 ι
1144 3494 1219 3544 Wiel.
1236 3493 1253 3541 l.
1274 3493 1293 3541 l.

328 3572 338 3608 ¹
358 3576 422 3623 Patr.
436 3573 530 3621 Enoom.
546 3590 568 3622 c.
582 3574 605 3622 4.

329 3667 341 3693 2
360 3659 423 3708 Ibid.
438 3675 458 3707 c.
472 3659 497 3710 7.

329 3740 341 3772 ⁵
362 3741 424 3792 Ibit.
439 3760 461 3791 c.
475 3740 500 3791 5.
514 3743 568 3792 Vid.
583 3759 651 3804 porro
666 3745 690 3790 in
708 3761 743 3803 pr.
757 3763 778 3792 c.
789 3745 806 3794 9
817 3756 841 3793 et
855 3745 896 3797 12.

326 3822 341 3855 4
361 3826 446 3889 opinio
465 3828 493 3876 de
512 3829 624 3890 peculiari
643 3827 809 3878 bucienenrum
831 3833 965 3893 scriptorum
989 3832 1099 3892 consilio,
1119 3834 1181 3893 quod
1197 3833 1295 3892 positum

290 3913 322 3962 sit
336 3913 361 3960 in
375 3912 555 3974 irtsorntondr'r
576 3914 652 3962 bonis
667 3914 773 3963 cr'os'bue
786 3925 809 3964 et
822 3914 1033 3965 commendandis
1042 3916 1169 3978 politicis
1185 3915 1294 3979 (pliciis,

289 3998 403 4056 explicate
415 4015 442 4045 aa
459 3998 485 4045 in
500 4014 535 4059 pr.
549 4015 561 4044 a
573 3997 662 4046 Iacobo
676 3999 701 4046 in
715 3999 892 4050 obtrectatione
905 4001 977 4063 Luc,
991 4002 1134 4062 potissimum
1144 4001 1226 4050 nititur
1238 4003 1295 4050 loeis

289 4095 301 4124 e
317 4079 407 4128 Petrina
419 4081 530 4130 Encnmio
542 4083 653 4130 denuntia
666 4092 728 4130 etex
743 4083 826 4147 hujus,
844 4094 871 4133 ut
883 4087 990 4150 vocavit,
1004 4085 1105 4148 practico
1116 4085 1214 4148 quodem
1230 4101 1294 4132 com-

287 4163 399 4214 mentario
406 4164 564 4216 Demosthenis
573 4166 690 4224 anonaio;
700 4175 748 4216 turn
756 4185 783 4216 ex
792 4169 853 4216 libro
859 4169 903 4217 Pro
911 4169 1013 4219 lleroede
1021 4167 1209 4230 Conduetis‚vid.
1219 4185 1241 4228 p.
1251 4167 1291 4216 40.
