3160 5018
771 404 813 464 79

285 591 381 656 rismo
405 591 531 680 Nigrini
552 603 762 658 memoratum
785 593 931 658 videmus
947 593 1193 657 exercitiorum
1198 591 1282 676 jus-

284 717 359 773 tum
389 710 429 772 ὅτι
460 732 495 776 eo
526 711 686 777 modum:
716 735 807 779 <enon
835 734 985 799 parva,»
1016 710 1145 798 inquit,
1173 707 1280 773 «haec

283 827 417 913 praebet
448 828 566 896 imitari
598 831 780 898 volentibus
817 831 984 916 exempla,
1020 829 1125 894 rictus
1156 824 1282 890 seilicet

281 945 517 1032 frugalitatem,
548 952 615 1017 τῶν
636 949 824 1034 γυμνασίων
843 953 880 1016 τὸ
914 955 1110 1034 σύμμετρον,
1142 941 1279 1033 (Nigrim

282 1085 311 1127 c.
333 1060 409 1151 26);
436 1063 665 1132 Demonactem
690 1064 921 1152 philosophum
949 1063 1079 1143 laudat,
1104 1061 1191 1152 quod
1216 1081 1280 1126 non

280 1178 401 1266 illotis,
424 1182 512 1270 quod
535 1183 641 1261 aiunt,
662 1184 818 1268 pedibus,
844 1184 899 1250 sed
920 1184 1021 1249 literis
1042 1182 1172 1248 demum
1183 1180 1282 1244 innu-

280 1298 375 1363 tritus
408 1297 628 1387 philosophari
658 1325 804 1390 agressus
825 1303 959 1381 fuisset,
983 1297 1152 1385 subjungit
1174 1308 1280 1361 autern

281 1419 338 1481 καὶ
357 1419 395 1480 τὸ
416 1420 506 1500 σῶμα
519 1418 554 1484 δὲ
580 1423 818 1504 ἐγεγύμναστο,
840 1425 897 1487 καὶ
915 1423 994 1507 πρὸς
1010 1418 1184 1506 καρτερίαν
1214 1415 1281 1481 διε-

282 1538 448 1618 πεπόνητο
473 1535 550 1623 (vit.
571 1534 705 1600 Demon.
729 1557 758 1602 e.
782 1534 832 1622 4).

329 1651 452 1718 Verum
488 1651 667 1717 carendum
700 1674 742 1717 ne
778 1652 854 1718 inde
894 1652 1090 1731 efficiamus,
1123 1651 1281 1718 studuisse

289 1766 487 1850 Lucienum,
515 1780 552 1833 ut
583 1769 648 1835 sire
669 1769 859 1837 educatione
881 1771 968 1856 apud
993 1768 1144 1857 aequales
1168 1766 1279 1856 infor-

289 1887 419 1951 mondd
453 1889 647 1956 instauraret
682 1891 924 1978 antiquitatem,
954 1889 1021 1954 sire
1053 1885 1281 1954 restituendis

285 2008 494 2094 gymnasticis
523 2008 681 2073 exercitiis
714 2007 919 2093 depravatam
945 2008 1142 2074 Graecorum
1165 2017 1196 2071 et
1220 2007 1283 2070 Ro·

282 2148 450 2193 manorum
475 2127 665 2214 progeniem
688 2126 729 2192 ad
756 2129 923 2192 meliorem
948 2127 1077 2214 frugem
1100 2125 1280 2192 reduceret.

282 2245 329 2309 Ne
354 2247 439 2310 enim
463 2246 625 2326 dicamus,
650 2267 806 2333 apparere
828 2247 926 2332 plane
943 2268 960 2310 e
979 2246 1123 2330 scriptis,
1150 2246 1185 2310 in
1209 2246 1281 2332 qui·
1320 2267 1327 2276 ¹

284 2364 344 2428 hus
371 2364 552 2443 Lucianus,
587 2364 702 2429 relictd
730 2363 923 2450 sophistica,
956 2383 1060 2428 mores
1094 2361 1281 2449 aequalium

286 2482 479 2568 descripsit,
499 2480 594 2544 nimis
624 2501 698 2545 enm
727 2481 767 2546 de
802 2481 912 2546 seculo
933 2501 990 2545 suo
1017 2479 1218 2565 desperasse,
1244 2489 1281 2547 ut

286 2600 499 2666 emendatoris
529 2609 636 2685 partes
656 2599 812 2684 potuisset
833 2598 996 2684 suscipere
1023 2597 1099 2690 (rid.
1125 2598 1280 2662 luculen-

285 2731 333 2784 tos
358 2720 461 2784 locos:
491 2718 608 2784 Piscat.
639 2738 664 2781 s.
694 2716 804 2783 Raris.
838 2737 867 2780 c.
900 2718 962 2798 203
994 2716 1041 2780 De
1061 2717 1160 2781 Morte
1186 2716 1282 2779 Pere-

283 2838 369 2926 grin.
394 2858 423 2901 c.
446 2839 505 2917 393
526 2832 683 2901 Alexand.
705 2857 732 2899 s.
754 2833 923 2898 Pseudom.
937 2855 965 2898 e.
979 2838 1043 2913 45,
1072 2832 1150 2900 coll.
1164 2856 1193 2899 e.
1211 2830 1282 2922 55),

283 2955 380 3039 pauci
400 2951 573 3018 admodum
600 2951 636 3016 in
661 2949 730 3035 ejus
751 2950 878 3036 scriptis
901 2949 966 3017 loci
990 2962 1085 3031 sunt,
1110 2950 1283 3037 inquibus

282 3073 350 3138 ulla
379 3072 416 3136 fit
445 3072 566 3136 mentio
600 3070 640 3134 de
674 3069 889 3150 educatione,
925 3092 1008 3158 quae
1045 3071 1145 3156 ipsius
1179 3080 1284 3136 aetate

285 3197 362 3254 erat.
397 3187 636 3252 Institutionem
666 3186 818 3274 quidem,
850 3211 933 3276 qnae
956 3189 996 3254 ab
1019 3187 1210 3276 aequalibus
1233 3208 1283 3251 so·

284 3303 398 3391 phistis
434 3302 693 3370 adolescentibus
731 3304 878 3370 adhiberi
917 3306 1060 3380 solebat,
1097 3315 1129 3370 et
1167 3303 1285 3370 acriter

285 3421 470 3506 perstrinxit
502 3431 534 3484 et
567 3421 699 3487 sanioris
729 3422 858 3486 rationis
884 3422 914 3485 ei
941 3420 1118 3487 identidem
1141 3420 1286 3506 exempla

286 3540 451 3624 opposuit;
497 3562 609 3606 rerum
641 3551 868 3627 praeterquam
899 3540 986 3627 quod
1018 3540 1053 3604 in
1088 3560 1125 3603 eo
1158 3537 1284 3626 agendo

285 3677 416 3722 suorum
446 3658 544 3743 ipsius
574 3657 755 3723 studiorum
782 3670 813 3723 et
843 3657 1009 3724 literarum
1039 3677 1183 3723 caussam
1206 3680 1282 3745 age·

285 3773 359 3854 bat,
383 3786 509 3840 tantum
532 3777 663 3854 aberat,
685 3786 722 3840 nt
745 3776 785 3842 do
809 3776 1008 3843 emendanda
1034 3778 1092 3843 illa
1113 3775 1283 3860 disciplina

287 3891 372 3957 bene
395 3903 553 3974 speraret,
590 3903 626 3957 ut
655 3904 769 3959 contra
802 3892 964 3980 sophistae
995 3914 1129 3958 munere
1160 3893 1286 3978 ipsese

288 4007 729 4077 abdicaverit—Caeterum
758 4013 793 4077 in
824 4011 979 4100 Nigrino,
1010 4032 1039 4077 o.
1072 4012 1137 4096 27,
1165 4011 1286 4077 notavit
1382 4005 1384 4010 ’

287 4127 459 4194 asceticam
498 4129 711 4212 quorumdam
749 4140 995 4217 praeceptorum
1034 4130 1069 4194 in
1112 4126 1285 4214 discipulos
