3160 5018
759 396 781 458 6

282 579 439 648 rhetorica
465 586 680 670 praefatione,
710 608 806 674 quarn
833 585 998 665 recitarit,
1024 609 1089 675 quo
1118 597 1277 673 tempore,

274 703 343 782 jam
366 703 505 766 nominis
536 702 622 789 apud
646 715 768 770 exteros
793 706 1014 770 celebritatem
1037 702 1193 790 adeptus,
1223 704 1279 769 do·

283 839 371 882 raum
396 841 484 884 suam
502 822 643 907 primum
663 822 771 888 revisit
790 827 813 889 ¹.
847 823 971 888 Nomen
991 819 1087 886 habet
1106 844 1124 886 a
1146 819 1283 887 Samnii

282 938 504 1018 enarratione3
531 938 624 1023 cujus
641 951 799 1025 concepta
818 941 926 1028 imago
941 950 987 1004 est
1003 939 1045 1002 ab
1063 939 1203 1003 Hercule
1223 937 1280 1002 illo

282 1055 410 1120 Prodici
435 1053 459 1123 ².
499 1057 583 1121 Puer
607 1058 766 1123 Lucienus
801 1068 933 1144 propter
967 1057 1163 1122 confractam
1198 1055 1279 1141 lapi-

281 1173 373 1238 deam
400 1172 543 1237 tabulam
574 1175 615 1238 ab
654 1174 814 1240 avunculo
846 1174 1052 1252 verberatus,
1089 1172 1207 1236 ellusus
1245 1173 1279 1234 in

279 1291 435 1381 lacrymas
474 1292 730 1372 obdormiverat,
765 1314 868 1381 quum
898 1314 957 1378 per
985 1302 1115 1357 noctem
1141 1291 1224 1356 duae
1252 1291 1281 1355 ei

283 1423 439 1496 apparent
458 1407 627 1492 mulieres;
654 1413 755 1477 altera
775 1412 941 1497 operaria,
966 1411 1091 1491 virilis,
1118 1409 1279 1498 squalida:

285 1529 360 1590 Are
371 1523 557 1593 Statuoria
571 1527 827 1617 (Ἑρμογλυφικὴ
839 1525 969 1617 τέχνη);
987 1529 1087 1593 altera
1098 1529 1181 1592 facie
1192 1526 1284 1590 valde

283 1646 442 1732 formosa,
455 1643 568 1710 habitu
587 1657 619 1712 et
636 1647 751 1710 vestitu
766 1645 900 1711 decora:
917 1643 1086 1712 Erudita‘o
1100 1641 1283 1734 (Παιδεία),

285 1763 430 1845 Quarum
456 1774 593 1852 utraque
621 1765 763 1850 primum
805 1762 969 1849 prehensis
998 1765 1143 1829 manibus
1183 1761 1284 1828 vehe-

285 1891 410 1946 menter
438 1879 478 1946 ad
503 1903 536 1946 se
557 1903 631 1946 eum
651 1878 770 1962 trahit,
793 1890 861 1945 tum
877 1883 939 1967 ipsi
958 1884 1111 1969 permisso
1130 1882 1281 1960 arbitrio,

285 2001 423 2065 rationes
447 2022 517 2066 suas
539 2000 678 2086 exponit.
715 2000 875 2063 Stataaria
902 1999 1039 2065 barbara
1060 2023 1139 2066 voce
1162 2002 1283 2065 victum

284 2119 313 2181 ei
331 2117 511 2196 salubrem,
544 2118 686 2205 quietam
706 2117 826 2197 vitam,
856 2117 1016 2182 artificum
1043 2116 1180 2182 honores
1196 2139 1284 2183 com·

284 2233 423 2298 mandat.
446 2230 592 2298 Eruditio
610 2243 722 2299 contra
743 2232 919 2319 pollicetur
934 2255 968 2297 se
983 2244 1126 2296 veterum
1141 2231 1283 2298 virorum

285 2352 314 2414 ci
333 2361 530 2415 ostensuram
558 2372 610 2414 res
626 2361 729 2437 gestas
749 2361 781 2415 et·
802 2351 939 2436 scripta,
965 2360 1034 2414 tum
1051 2351 1193 2415 animum
1216 2348 1285 2434 ejus

284 2468 324 2534 ad
360 2490 488 2533 omnem
517 2469 669 2534 virtulem
703 2469 949 2535 informaturam
974 2483 1005 2550 ³3
1058 2479 1285 2535 commonstrat

285 2586 551 2668 Demosthenem,
566 2587 779 2665 Aeschinem,
799 2589 984 2668 Socratem,
1003 2610 1084 2677 quos
1103 2588 1170 2673 ipsa
1184 2589 1282 2652 eain-

288 2707 360 2773 fima
391 2718 475 2773 sorte
505 2705 546 2772 ad
574 2727 734 2770 summum
763 2707 872 2771 locum
905 2707 1067 2772 erexisset.
1109 2704 1282 2770 scientiam

287 2826 429 2913 (lenique
454 2825 611 2910 promittit
632 2824 775 2888 omnium
804 2822 985 2888 divinarum
1012 2835 1044 2888 et
1072 2820 1286 2888 humanarum

286 2965 395 3006 rerum
415 2941 447 3029 ⁴,
473 2964 567 3028 opes,
592 2941 799 3027 dignitatern,
822 2952 919 3029 atquc
942 2942 976 3004 in
999 2941 1109 3026 primis
1127 2940 1287 3006 facundae

287 3059 439 3124 orationis
470 3058 658 3144 potentiam.
694 3057 854 3122 Lucienus
883 3057 983 3144 igitur
1011 3057 1141 3122 vixdum
1174 3057 1290 3123 auditis

288 3169 458 3266 utriusque
480 3177 603 3258 verbis,
632 3178 715 3242 laeto
740 3177 847 3241 animo
868 3174 946 3242 huic
968 3177 1083 3262 seipse
1107 3177 1288 3244 committit.

289 3299 380 3380 Quae
404 3319 477 3362 moa
498 3318 571 3361 eum
598 3296 721 3363 volucri
743 3318 842 3361 curru
864 3309 1069 3382 susceptum,
1102 3296 1143 3362 ab
1169 3319 1284 3361 aurora

325 3529 335 3565 ¹
354 3533 422 3580 Conl.
437 3533 514 3578 Somn.
529 3547 548 3578 s.
564 3530 614 3578 vit.
628 3530 683 3578 luc.
696 3547 716 3579 c.
735 3526 766 3576 16
783 3529 837 3578 coll.
851 3547 901 3576 cum
916 3547 937 3576 c.
954 3527 993 3576 18.

325 3639 338 3667 2
356 3629 462 3690 Xenoph.
476 3629 570 3676 Memor.
587 3627 629 3675 lib.
641 3627 675 3674 ll.
692 3641 713 3673 c.
729 3625 758 3687 1,
771 3623 801 3672 21
816 3642 880 3686 seqq.

326 3725 338 3759 ³
357 3729 435 3776 Sarna.
454 3745 474 3775 c.
491 3726 530 3775 10.
559 3725 606 3773 καὶ
624 3727 675 3787 τὴν
695 3724 800 3788 ψυχὴν,
822 3720 889 3789 ὅπερ
909 3736 955 3771 σου
980 3718 1145 3788 κυριώτατόν
1160 3719 1228 3778 ἔστι,
1247 3737 1292 3768 κεκ-

288 3815 444 3877 τακοσμήσοι
457 3810 564 3866 πολλοῖς
575 3809 621 3857 καί
634 3807 751 3872 ἀγαθοῖς
766 3807 926 3870 κοσμήμασι,
939 3803 1104 3873 σωφροσύνῃ,
1117 3801 1289 3868 δικαιοσύνῃ,

289 3895 431 3960 εὐσεβείᾳ,
444 3894 593 3962 πρᾳότητι,
610 3892 754 3954 ἐπιεικείᾳ,
771 3888 887 3949 συνείσει,
903 3891 1046 3957 καρτερίᾳ,
1069 3887 1107 3954 τῷ
1128 3887 1183 3937 τῶν
1203 3885 1292 3936 sulaha

288 3976 378 4045 ἔρωτι,
397 3984 433 4044 τῇ
451 3980 517 4048 πρὸς
533 3977 569 4028 ιὰ
588 3975 743 4037 σεμνότατα
758 3971 835 4042 ὁρμῇ·
854 3975 947 4024 ταῦτα
966 3973 1017 4042 γάρ
1029 3970 1127 4022 iurari
1143 3974 1191 4036 τῆς
1204 3972 1291 4036 ψυχῆς

287 4063 421 4129 ἀκήρατος
436 4060 468 4120 ὡς
481 4059 591 4127 ἀληθῶς
606 4057 707 4121 κόσμος.
902 4061 903 4066 ’

321 4155 333 4186 ⁴
352 4157 412 4207 lhirl.
