3160 5018
773 367 814 428 72

289 553 434 620 incidere
469 558 544 620 satis
579 568 647 620 tuto
676 558 803 623 efficere
830 557 907 619 licet
942 579 978 618 ex
1009 556 1092 620 libro
1120 555 1159 620 de
1179 555 1288 622 Morte

287 669 479 759 Pereqrioi.
505 676 733 760 Praeterquam
759 673 848 762 quod
869 674 949 738 dicit
974 675 1008 738 in
1030 697 1086 753 eo,
1112 687 1227 761 quater
1254 697 1287 742 se

289 787 401 853 vidisse
425 788 592 878 Olympia,
617 811 718 875 quum
737 791 784 854 ,in
817 813 931 878 rogum
960 791 1137 879 Pereginus
1158 814 1191 857 se
1218 792 1287 877 ipse

287 905 451 990 injiceret,
485 932 512 974 c.
548 915 608 988 35,
643 921 776 994 propter
811 910 918 994 ipsum
943 909 1105 974 scribendi
1129 931 1231 998 genus
1255 920 1286 973 et

287 1027 476 1091 sententiam
507 1029 541 1091 in
573 1027 709 1091 dubium
734 1027 841 1092 venire
868 1049 933 1092 non
966 1039 1086 1112 potest,
1112 1027 1193 1113 quin
1223 1027 1284 1092 hoc

287 1167 366 1230 opus
391 1166 455 1209 non
476 1145 633 1230 scriptum
657 1145 697 1208 sit
720 1167 779 1230 per
799 1144 936 1229 primam
954 1144 1089 1209 Luciani
1101 1146 1134 1208 in
1149 1147 1285 1212 Graecia

287 1263 590 1342 commorationem,
625 1275 818 1348 anteaquam
847 1261 989 1347 sophista
1012 1263 1046 1327 in
1062 1263 1202 1329 Galliam
1223 1265 1285 1327 mi-

286 1391 394 1465 graret
420 1379 484 1466 (Bis
508 1382 585 1446 Acc.
612 1401 641 1445 c.
667 1379 734 1470 27).
759 1380 827 1445 Sub
849 1379 934 1444 idem
948 1391 1073 1465 tempus
1088 1381 1226 1465 scriptus
1239 1392 1285 1445 est

286 1498 372 1562 liber
394 1497 433 1560 de
455 1497 554 1562 modo
586 1521 651 1586 quo
679 1498 844 1566 Historia
874 1497 1122 1566 conscribendo
1154 1501 1224 1579 rit,
1254 1511 1285 1563 et

286 1616 396 1701 paullo
415 1627 487 1701 post
507 1616 674 1704 Peregrini
692 1627 828 1682 mortem
849 1618 990 1681 comicus
999 1617 1147 1705 dialogus
1164 1617 1222 1703 qui
1239 1628 1285 1681 est

289 1733 467 1822 Papium,
490 1734 515 1796 si
542 1734 694 1820 quidem,
719 1745 756 1798 ut
779 1734 870 1798 nohis
893 1734 1041 1813 videtur,
1069 1756 1129 1819 pro
1150 1736 1284 1801 Luciani

289 1875 387 1937 opere
410 1851 577 1916 habendus
608 1863 666 1918 est.
700 1852 773 1935 Quo
796 1863 905 1917 autem
924 1863 1068 1937 tempore
1090 1851 1168 1916 Luc.
1193 1851 1284 1916 abdi-

290 1971 360 2034 catai
385 1968 559 2055 sophistica
581 1969 615 2033 in
628 1969 799 2036 Graeciam
823 1969 935 2049 rediit,
962 1970 1024 2032 suit
1044 1970 1108 2056 ἤδη
1127 1977 1284 2056 τετταρά-

288 2111 390 2154 κοντα
412 2090 469 2172 ἔτη
495 2086 609 2174 σχεδὸν
629 2089 789 2168 γεγονώς,
810 2087 862 2150 Bis
885 2085 962 2152 Aoo.
976 2088 1073 2152 o.32.
1098 2087 1168 2150 Jam
1185 2089 1283 2154 adro-

289 2207 393 2292 χειρία
414 2203 600 2290 Peregrini,
625 2224 708 2288 quae
730 2224 841 2268 recens
863 2204 947 2266 facta
967 2224 985 2266 a
1006 2204 1149 2268 Lucieno
1163 2204 1282 2269 descri-

289 2322 399 2399 bitur,
424 2330 533 2384 notata
553 2331 600 2383 est
620 2321 654 2384 in
680 2320 811 2384 Eusebii
831 2319 990 2388 Chronico
1010 2319 1050 2382 ad
1073 2342 1101 2385 a.
1114 2322 1140 2386 Ι.
1153 2321 1281 2410 Olympo

284 2438 489 2517 ccxxxvl,
514 2458 544 2502 a.
574 2460 607 2523 p.
631 2437 704 2505 Chr.
736 2438 906 2517 Eusebian‚
929 2439 1072 2525 CLXVI,
1094 2438 1116 2502 i.
1141 2461 1170 2502 e.
1194 2438 1281 2526 vulg.

285 2557 403 2625 CLXV.
435 2555 535 2648 (cons.
557 2556 678 2643 scalig.
702 2555 777 2621 adn.
797 2556 839 2621 ad
856 2556 1044 2644 Hieronymi
1069 2579 1148 2622 vers.
1172 2557 1227 2622 lat.
1247 2559 1283 2619 in
1347 2542 1349 2546 ’

287 2673 362 2740 edit.
392 2674 495 2763 Lugd.
524 2695 553 2741 a.
582 2678 689 2756 1606,
713 2698 749 2761 p.
773 2671 866 2761 202.)
892 2674 984 2740 Unde
1005 2696 1127 2738 annum
1146 2675 1279 2739 Luciani

285 2792 425 2858 natalem
445 2814 509 2857 non
527 2804 599 2877 post
621 2817 650 2888 ³:
677 2793 789 2862 CXXV
813 2791 965 2856 incidisse
979 2796 1129 2880 [appara

331 2906 414 2975 God.
436 2907 483 2978 W
481 2909 614 2986 ctzlor,
645 2910 679 2972 in
706 2909 974 2974 commentatione
1001 2908 1042 2972 de
1072 2919 1193 2982 aetate.
1216 2910 1280 2974 vita

284 3041 314 3092 et
339 3028 466 3112 scriptis
485 3027 639 3106 Luciani,
662 3027 824 3115 Mathurg.
850 3029 951 3105 1834,
976 3025 1278 3112 probareinstitnit‚

282 3147 387 3231 ipsum
415 3165 536 3209 annum
562 3166 596 3230 p.
622 3143 697 3212 Chr.
720 3145 832 3213 CXXV
852 3145 986 3210 Luciani
1005 3145 1144 3209 natalem
1169 3144 1277 3210 inisse.

280 3266 388 3349 Atque
404 3260 487 3326 haec
503 3263 681 3342 sententia,
698 3261 757 3327 etsi
780 3261 955 3328 audaciore
974 3263 1090 3348 passim
1101 3284 1279 3351 argumen-

280 3381 370 3447 tandi
396 3381 519 3447 ratione
539 3380 580 3445 ab
600 3393 732 3448 auctore
754 3381 924 3466 explicita,
947 3403 1025 3467 prae
1046 3380 1180 3446 caeteris
1201 3402 1278 3464 pro-

281 3500 398 3566 babilis
422 3522 489 3565 esse
511 3498 651 3565 ridetur.

324 3620 362 3683 In
389 3618 501 3682 eodem
524 3617 671 3697 scilicet,
692 3639 789 3704 quem
814 3619 973 3696 vidimus,
1000 3618 1084 3682 libro
1105 3615 1144 3680 de
1164 3613 1279 3682 Morte

227 3790 230 3796 ,
280 3735 427 3824 Peregr.
463 3759 491 3803 e.
526 3735 589 3816 43,
624 3736 743 3800 mentio
770 3736 806 3800 fit
834 3735 959 3802 itineris
982 3733 1149 3820 cujusdam
1171 3756 1190 3797 a
1212 3734 1276 3800 Lu-

279 3855 372 3920 oiano
405 3877 436 3918 e.
460 3855 550 3942 Syria
585 3852 619 3918 in
652 3853 822 3919 Graeciam
852 3855 947 3920 iacti:
982 3859 1089 3922 ἐκεῖνα
1122 3859 1182 3937 μὲν
1215 3859 1275 3938 γὰρ

279 3971 382 4038 πάλαι
406 3967 504 4038 οἶσθα
535 3974 632 4048 εὐθύς
651 3973 803 4048 ὀἰκούσας
833 3999 918 4056 μου,
945 3974 996 4036 ὅτε
1018 3962 1097 4054 ἧκον
1118 3976 1182 4039 ἀπὸ
1203 3979 1274 4036 Σιι-

277 4092 347 4175 ρίας
369 4089 605 4172 διηγουμένου,
626 4095 669 4166 ὥς
690 4091 754 4157 ἀπὸ
772 4092 927 4180 Τρῳάδος
940 4089 1173 4174 συμπλεύσαιμι
1186 4091 1273 4174 αὐτῷ
