3160 5018
768 404 810 464 65

288 595 411 672 venire,
440 615 536 682 quam
564 595 723 672 nonnulli,
748 591 965 672 utGhrestus,
992 591 1162 672 Aristides,
1193 604 1280 656 certe

286 713 388 798 magis
404 712 527 799 ingenii
552 722 583 776 et
607 711 810 798 eloquentiae
826 710 1030 796 praestantia,
1043 733 1140 798 quam
1166 712 1282 777 deseri·

286 831 348 915 ptis
380 852 400 894 a
434 841 543 894 nostro
575 828 719 895 artificiis
751 829 860 914 adepti
884 841 977 910 sunt;
1009 829 1087 908 sed,
1123 842 1157 892 ut
1181 831 1282 896 solent

288 969 434 1033 perversa
468 945 647 1013 hominum,
663 945 789 1030 judicia
821 947 855 1010 in
887 969 924 1011 eo
954 947 1131 1012 studiorum
1166 969 1283 1032 genere

288 1065 426 1130 maxime
450 1062 623 1148 conspicua
648 1085 736 1140 esso,
762 1061 849 1149 quod
874 1063 931 1143 ed,
956 1087 1021 1154 qua
1036 1065 1164 1145 visunt,
1180 1076 1282 1130 aetate

289 1205 365 1269 prae
389 1182 523 1246 caeteris
546 1181 748 1261 dominatur,
771 1182 817 1248 ita
838 1183 998 1249 Lucienus
1020 1205 1081 1246 usu
1105 1194 1135 1248 et
1160 1181 1228 1270 ipse
1252 1206 1283 1246 se

287 1299 479 1384 comperisse
510 1297 670 1386 ostendit,
700 1298 939 1366 dominantibus
961 1300 1156 1366 deteriorum
1178 1300 1283 1386 sophi-

288 1428 408 1480 starum
438 1416 627 1495 lenociniis,
661 1415 755 1481 nimis
787 1431 976 1505 corruptum
1007 1418 1105 1484 fuisse
1124 1417 1285 1502 judicium

287 1557 362 1600 suae
385 1535 516 1614 aetatis,
540 1546 578 1598 ut
604 1537 686 1599 veris
708 1536 833 1600 meritis
853 1559 929 1601 snus
948 1537 983 1602 in
1003 1536 1164 1604 rhetorica
1181 1537 1282 1603 honor

288 1665 458 1719 constaret.
485 1655 512 1718 E
530 1651 672 1720 Rhetor.
695 1651 941 1740 Praeceptore,
958 1656 1032 1720 satis
1052 1657 1284 1744 intelligimus,

292 1771 446 1837 uomicam
476 1769 545 1852 ejus
576 1770 785 1855 petulantiam
817 1772 935 1849 fuisse,
967 1772 1057 1836 nbis
1093 1775 1127 1837 in
1159 1776 1286 1861 proprio

294 1892 458 1956 literarum
485 1910 604 1977 genere
622 1885 691 1971 jam
722 1885 933 1954 confirmatus
957 1911 1032 1954 cum
1051 1889 1164 1955 festival
1182 1893 1287 1976 impu-

291 2010 420 2074 dentiae
438 2007 545 2094 speeie
563 2005 664 2091 ipsam
683 2004 888 2071 Rhetorieam
902 2005 1028 2071 induxit
1039 2019 1286 2072 asseverantem:

290 2149 322 2190 se
359 2147 459 2190 unum
492 2124 690 2208 Lucianum,
719 2124 839 2190 relictis
865 2125 998 2191 caeteris
1028 2125 1194 2205 omnihus,
1214 2125 1288 2191 ada-

293 2266 393 2308 masse
414 2253 446 2308 et
464 2243 528 2308 suis
549 2241 699 2307 laudibus
722 2263 859 2309 ornasse.
884 2244 1030 2329 Namque
1049 2243 1192 2309 mordaci
1208 2267 1288 2332 qua-

290 2363 363 2426 dam
404 2361 553 2447 propriae
590 2358 694 2424 laudis
735 2358 1007 2442 dissimulatione,
1045 2362 1141 2426 simul
1179 2373 1287 2428 autam

291 2480 458 2544 manifesto
493 2477 722 2565 indignationis
749 2477 881 2558 indicio,
911 2479 945 2542 in
975 2478 1088 2544 eodem
1107 2501 1205 2565 opere
1227 2483 1289 2545 ait:

293 2598 319 2660 si
343 2595 468 2674 videre,
494 2593 666 2681 plerosquo
694 2593 764 2657 sino
780 2593 891 2660 labore
911 2593 1088 2678 majoribus
1110 2593 1288 2661 honoribus

293 2715 456 2802 dignatos,
488 2709 628 2800 quddam
658 2708 880 2798 eligendarum
911 2712 1073 2778 rationum
1096 2713 1290 2803 viarumque

292 2831 447 2897 felicitate
466 2828 490 2894 ².
528 2827 618 2892 Unde
638 2827 673 2892 in
696 2827 760 2893 fine
785 2827 930 2915 ejusdem
951 2829 1054 2894 libelli
1070 2828 1137 2913 jam
1166 2852 1230 2895 non
1250 2832 1290 2896 ad

290 2972 390 3015 unum
410 2947 664 3027 adolescentem,
686 2945 741 3010 sed
761 2945 802 3011 ad
822 2947 976 3034 aequales
989 2945 1132 3012 rhetores
1144 2949 1288 3014 oratione

292 3065 461 3132 conversi:
501 3086 591 3151 «ego
621 3086 745 3145 vero‚n
783 3063 911 3153 inquit,
949 3063 1109 3152 «ignarus
1143 3064 1229 3129 enim
1260 3078 1291 3129 et

295 3182 451 3249 «timidus
473 3203 554 3258 sum,
574 3181 614 3245 de
626 3179 674 3244 viai
692 3182 780 3246 vohis
798 3181 973 3260 decedam,
989 3193 1023 3247 et
1044 3177 1186 3246 desinam
1204 3181 1290 3246 Rhe-

297 3301 458 3366 ntorieam
480 3299 613 3380 sectari,
636 3298 714 3385 quia
738 3321 802 3364 non
820 3320 949 3384 possum
968 3296 1009 3361 ad
1034 3319 1104 3362 eam
1124 3298 1290 3362 vobiscum

296 3439 460 3505 «aequam
486 3428 611 3503 partem
631 3416 789 3483 conferre.
812 3416 874 3485 Vel
895 3415 1001 3501 potius
1024 3414 1093 3500 jam
1113 3414 1204 3481 desii.
1226 3417 1289 3483 lta·

296 3557 385 3624 «que
412 3536 481 3601 sine
508 3537 642 3621 pulvere
674 3533 906 3620 praedicandos
929 3556 981 3598 vos
1005 3545 1103 3619 atque
1127 3532 1291 3600 admiran-

296 3655 377 3718 «dos
406 3654 577 3739 praebete,
606 3652 689 3718 illud
711 3652 813 3718 solum
837 3651 1015 3727 recordati,
1045 3672 1105 3716 neo
1127 3650 1291 3716 eeleritate

295 3792 373 3834 «vos
401 3770 502 3835 vestra
529 3770 661 3849 vicisse,
687 3769 744 3856 qui
773 3769 947 3834 velociores
965 3767 1104 3852 judicati
1128 3767 1214 3846 sitis,
1240 3790 1290 3832 ve-

333 4035 341 4062 ¹
363 4035 402 4082 tis
415 4033 497 4081 Accua·
512 4049 532 4078 e.
547 4029 588 4081 27.

333 4129 344 4166 ²
364 4132 431 4179 ltlret.
445 4131 523 4179 Praee.
539 4147 559 4176 e.
575 4128 599 4178 8.
