3160 5018
765 403 804 465 21

284 607 345 650 uon
377 610 443 653 esse
468 593 555 677 apud
577 593 725 673 Suidam;
761 606 829 659 tum
857 618 950 674 vero,
983 598 1149 682 perlecto,
1178 618 1273 683 quem

283 704 439 788 vidimus,
458 710 531 774 loco
550 713 682 778 Luciani
701 710 764 778 Bo
785 712 951 776 Aceoeoti
966 714 996 793 ¹,
1013 726 1126 798 sponte
1137 726 1274 780 mentem

282 825 387 903 subit,
408 848 472 913 quo
495 830 624 894 tandem
644 831 727 896 vitae
755 843 899 916 tempore
928 830 1119 897 Antiochiae
1151 852 1276 914 caussas

283 942 396 1028 egerit.
422 944 493 1025 Qua
517 945 556 1009 de
582 969 616 1010 re
643 946 720 1012 duas
744 957 870 1011 tantum
893 945 1074 1012 disertiores
1103 946 1275 1012 sententias

283 1060 448 1141 novimus;
482 1083 560 1149 quas
581 1064 682 1151 igitur
707 1065 878 1130 videamus.

326 1178 370 1241 Ex
402 1180 501 1247 altera
523 1181 718 1247 caussidicus
747 1183 908 1248 Lucienus
927 1183 1026 1247 fuerit
1048 1192 1221 1268 antequam
1243 1181 1277 1242 in

283 1295 405 1361 Ioniam
433 1298 588 1382 migraret
613 1301 624 1336 ²
637 1325 645 1379 ;
683 1301 739 1366 sed
762 1312 831 1364 tum
852 1301 902 1366 illi
927 1321 986 1364 uec
1009 1311 1149 1386 tempus,
1172 1319 1279 1385 neque

282 1413 430 1497 peritiam
450 1417 658 1500 suppetivisse
684 1417 724 1483 ad
745 1418 904 1504 ejusmodi
929 1417 1070 1483 officium
1092 1415 1276 1507 obeundum
1333 1471 1337 1491 ,

280 1530 375 1595 facile
393 1543 546 1618 apparet,
570 1554 671 1618 quum
688 1536 806 1622 κομιδῇ
820 1542 988 1622 μειράκιον
1001 1534 1066 1619 jam
1081 1534 1150 1597 illic
1169 1534 1277 1611 suerit,

280 1648 482 1733 πλαζόμενος
502 1655 550 1717 ἔτι
564 1656 620 1716 καὶ
639 1654 656 1716 ὃ
679 1679 710 1716 τι
732 1660 884 1740 χρήσαιτο
902 1659 1008 1736 ἑαυτῷ
1025 1655 1083 1718 οὐκ
1097 1652 1191 1725 εἰδὼς
1210 1651 1233 1715 ³.
1334 1624 1337 1641 ι

323 1765 432 1831 Altera
457 1768 468 1802 ⁴
504 1768 673 1848 statuitur,
706 1769 884 1834 Lucianum
912 1769 948 1833 in
977 1768 1178 1833 Antiocheno
1207 1769 1277 1831 loro
1336 1786 1338 1795 ·

1336 1852 1339 1872 ,

280 1894 439 1947 versatum
471 1884 569 1949 luisse
602 1898 772 1971 postquam
801 1885 870 1969 jam
900 1887 936 1950 in
963 1885 1054 1949 Ionia
1084 1896 1115 1949 et
1143 1885 1280 1950 Graecia
1336 1877 1340 1938 ἲ

280 2001 481 2087 aliquamdiu
508 2003 638 2082 luisset,
665 2024 724 2066 nec
750 2014 856 2068 tamen
876 2002 946 2065 illic
969 2000 1162 2067 rhetoricam
1185 2025 1278 2066 erer1

279 2119 415 2198 cuisset,
440 2132 532 2185 antea
566 2142 639 2184 vero
671 2141 768 2205 quam
800 2120 832 2183 in
867 2120 993 2186 Italiam
1026 2122 1198 2208 migraret,
1222 2121 1279 2184 ubi

278 2237 406 2302 demum
433 2237 644 2324 sophistarum
673 2260 762 2303 more
786 2260 859 2303 eum
888 2237 1135 2304 declamationes
1159 2237 1278 2302 habere

279 2359 430 2444 coepisse.
455 2359 472 2422 J
476 2369 572 2423 uncta
584 2369 631 2422 est
642 2356 722 2423 haec
734 2358 890 2424 sententia
905 2357 978 2435 alii,
997 2378 1061 2442 qua
1078 2355 1275 2443 colloquium

271 2535 560 2547 w

279 2647 303 2693 in
316 2644 431 2706 gratiam,
445 2653 519 2692 totum
533 2645 630 2692 buciani
643 2646 782 2693 rhetoricum
795 2647 892 2693 stadium
907 2645 1055 2692 Antiochiam
1064 2644 1193 2693 transtulit.
1206 2646 1278 2692 Bour-

277 2728 379 2776 delotiua
398 2740 475 2777 autem
497 2730 593 2790 [trimum
607 2730 690 2777 Suidae
704 2731 842 2778 sententiam
861 2731 893 2777 ita
906 2739 932 2776 ut
943 2730 991 2777 dixi
1004 2729 1128 2790 explicuit,
1144 2728 1196 2776 vide
1208 2727 1280 2790 hujus

279 2813 357 2862 Vitam
372 2815 443 2874 Luc,
457 2831 486 2862 ex
500 2815 542 2862 Ed.
558 2815 638 2870 Paris,
653 2811 733 2875 1615,
747 2815 771 2861 in
785 2815 869 2863 lleitzii
881 2815 969 2877 Syllog.
982 2831 1004 2875 p.
1020 2814 1086 2861 XLll
1096 2849 1104 2878 ,
1116 2830 1167 2862 cum
1181 2812 1281 2861 Fabricii

280 2899 350 2946 notis.
369 2899 441 2962 Quem
453 2901 531 2961 plnres
543 2901 626 2950 deinde
639 2900 711 2948 secuti
726 2909 787 2947 sunt.

313 3007 324 3043 ¹
342 3011 367 3059 C.
382 3009 430 3074 27,
445 3012 480 3059 cf.
494 3029 556 3073 supr.
570 3029 592 3073 p.
607 3010 647 3060 16.

312 3134 325 3170 ²
344 3139 408 3200 Quae
432 3147 467 3186 eat
488 3140 516 3186 E.
535 3138 578 3185 Ae.
592 3139 692 3192 suarii,
713 3139 738 3186 iu
759 3138 856 3200 Speoim.
879 3138 946 3200 l‚de
967 3139 1063 3210 Luciam
1085 3147 1175 3197 aetate,
1191 3137 1278 3184 Gorlic.

281 3221 361 3283 1829,
375 3238 399 3282 p.
413 3222 437 3272 3.

318 3331 330 3363 ³
350 3334 390 3380 llis
406 3337 462 3385 Aac.
483 3352 504 3383 c.
518 3333 559 3384 27.
578 3335 657 3384 Potuit
677 3335 769 3396 quidem
784 3335 898 3382 lucianus
910 3335 970 3382 iuter
984 3344 1073 3395 tempus
1087 3348 1134 3394 quo
1147 3330 1281 3399 πρόσηβος

277 3422 326 3468 aire
338 3419 463 3477 ἀντίπαις
480 3421 570 3483 (Somn.
585 3439 605 3469 c.
627 3421 639 3469 l
660 3429 683 3468 et
703 3419 755 3482 16.)
773 3420 798 3466 in
815 3428 933 3480 parentum
953 3420 1020 3466 domo
1041 3420 1101 3480 fuit,
1115 3427 1184 3480 atque
1198 3417 1281 3478 idque

279 3504 378 3569 κομιδῇ
397 3505 532 3574 μειράκιον
552 3509 578 3554 in
592 3505 661 3552 Ionia
676 3505 773 3566 erravit,
793 3503 935 3566 aliquamdiu
951 3503 1087 3553 Antiochiae
1100 3500 1199 3555 versari3
1220 3517 1280 3560 μει-

278 3585 368 3654 ράκιον
383 3587 444 3634 enim
458 3589 504 3636 dici
517 3598 608 3650 poterat
620 3589 689 3638 etiam
704 3587 724 3637 is
736 3587 777 3648 qui
792 3587 872 3635 adulto
883 3587 963 3646 paullo
975 3588 1050 3648 major
1060 3582 1280 3647 esset,uti,l³hilo·

279 3670 358 3730 pseud.
376 3686 396 3718 c.
409 3668 442 3719 37
455 3672 510 3719 coll.
531 3690 551 3721 c.
572 3669 619 3734 27,
633 3673 666 3719 ita
685 3681 781 3719 vocatur
795 3671 835 3732 qui
846 3667 904 3734 ἤδη
917 3669 943 3726 ἐξ
956 3670 1062 3735 ἐφήβων
1076 3679 1119 3718 est.
1141 3666 1277 3716 Praesertim

279 3769 349 3816 quum
368 3755 488 3815 probabile
507 3756 537 3804 eit
556 3757 683 3804 lucianum
702 3758 728 3804 in
740 3757 779 3806 Bis
792 3759 846 3805 Aac.
867 3771 896 3802 ex
909 3772 1006 3816 persona
1019 3756 1091 3803 iratae
1106 3753 1242 3801 Rhetoricae
1254 3769 1282 3800 eo

279 3837 371 3884 nomiae
384 3854 448 3885 suam
466 3848 564 3890 aetatem
580 3841 727 3903 designasse,
741 3841 802 3901 quod
819 3839 916 3887 maxime
931 3841 981 3902 ejus
999 3840 1134 3887 tenuitatem
1145 3845 1169 3886 et
1179 3835 1282 3883 imbecil-

278 3923 367 3970 litatem
381 3922 515 3971 declararet.

314 4029 404 4084 ⁴God.
432 4037 563 4100 Wetalari‚
586 4039 610 4086 iu
635 4040 723 4087 laudat.
743 4039 867 4086 Commeol.
889 4037 916 4082 rle
941 4035 1038 4096 Aetate,
1065 4033 1120 4079 Vita
1145 4033 1286 4092 Scriptisqne

278 4122 387 4182 luciani,
402 4137 421 4180 p.
435 4119 480 4174 28,
495 4138 543 4186 sqq.
