3160 5018
776 395 818 456 80

300 589 519 670 severitatem
548 591 581 653 iu
616 585 842 671 Philopseudi‚
871 608 898 648 c.
923 588 988 659 37,
1012 582 1182 648 absurdam
1205 610 1295 670 rape-

301 709 479 789 τολογίαν,
515 730 579 792 qua
616 716 763 790 parentes
792 705 970 768 liberorum
1005 723 1136 767 suorum
1175 702 1296 766 animos

302 825 377 889 inde
412 848 430 886 a
458 823 577 889 teneris
611 822 799 887 meticulosis
830 821 1054 904 superstitione
1085 819 1294 898 imbuebant;

302 956 333 1006 et
363 944 423 1007 sub
452 942 549 1007 finem
581 940 770 1006 Hermotimi
805 939 959 1016 strictim,
995 936 1105 1002 lucido
1136 938 1295 1023 exemplo,

305 1059 392 1147 quod
420 1068 520 1125 exstat
549 1079 579 1125 c.
595 1059 749 1134 rso-82,
774 1077 958 1140 perversam
981 1055 1136 1120 rationem
1162 1076 1297 1132 corum,

302 1180 380 1265 qui,
407 1175 556 1264 neglecti
587 1175 670 1239 ritae
700 1196 738 1240 ac
762 1194 888 1237 morum
920 1171 1108 1257 disciplina,
1140 1170 1298 1237 abstrusas

303 1294 456 1383 quasdam
488 1289 709 1377 philosophiae
741 1289 902 1353 doctrinas
936 1308 1110 1372 puerorum
1138 1288 1299 1354 mentibus

303 1409 523 1475 inculcabant.
550 1444 595 1457 -
624 1407 811 1492 Neglectam
841 1405 874 1467 in
900 1419 1076 1488 puerorum
1108 1401 1300 1469 educatione

304 1526 447 1611 corporis
478 1524 737 1590 exercitationem
763 1543 804 1585 ne
836 1519 1024 1587 memorarit
1051 1518 1193 1605 quidem.
1229 1522 1297 1584 Jam

305 1663 378 1709 vero
404 1643 430 1707 si
454 1643 614 1708 Lucienus
637 1643 678 1708 ab
700 1638 909 1708 instauranda
924 1639 980 1703 ille
996 1636 1194 1703 educationis
1210 1648 1300 1722 parte

304 1762 501 1850 singularem
529 1760 702 1846 quemdam
732 1758 771 1825 ad
805 1755 1030 1844 corrigendam
1054 1776 1142 1820 suam
1166 1765 1299 1820 aetatem

303 1881 445 1945 fructum
475 1877 535 1941 sihi
569 1888 748 1962 sperasset,
781 1887 837 1941 aut
870 1873 965 1939 fallor
995 1871 1222 1952 vehementer,
1247 1885 1302 1936 aut

306 2021 370 2062 non
403 1995 484 2061 adeo
511 1996 559 2059 sui
592 2017 625 2058 se
653 1993 839 2060 dissimilem
860 1994 1070 2079 praestiturus
1089 1991 1220 2071 fuisset,
1243 2005 1300 2070 ut,

308 2114 366 2200 qui
404 2111 607 2190 admirabili,
648 2132 711 2197 que
736 2111 820 2190 luit,
847 2110 972 2198 ingenii
1002 2110 1168 2175 fertilitate
1201 2109 1303 2175 conti-

308 2242 421 2296 nenter
455 2252 531 2294 usus
566 2241 614 2293 est
647 2228 687 2292 ad
717 2230 902 2316 aequalium
936 2249 1060 2294 errores
1092 2250 1130 2294 ec
1167 2229 1240 2294 vitia
1269 2231 1303 2291 in

306 2349 381 2414 luce
414 2345 582 2437 ponenda,
619 2367 682 2410 non
721 2344 897 2411 identidem
934 2366 1066 2432 quoque
1099 2347 1219 2411 saeculi
1253 2346 1301 2408 sui

305 2469 514 2553 ἀγυμνασίαν
544 2476 576 2530 et
604 2465 690 2555 ipsos
715 2464 789 2540 τούς
820 2465 1047 2550 ἀγυμνάστους
1077 2463 1211 2529 satiricis
1237 2464 1301 2528 suis

306 2585 432 2672 scriptis
454 2583 651 2672 exagitasset.

349 2703 517 2772 Caeterum
543 2700 653 2786 opinio
684 2701 724 2766 do
751 2702 893 2767 luciano
929 2701 1127 2766 educationis
1152 2700 1300 2766 emenda·

306 2836 375 2887 tore
413 2829 502 2887 arcte
534 2818 709 2904 conjuncta
739 2830 786 2882 est
816 2841 891 2883 cum
921 2819 1070 2883 universa
1096 2840 1154 2897 ea,
1178 2837 1301 2881 summo

302 2940 378 3023 jure
408 2940 442 3003 in
471 2936 653 3002 doctissimo
684 2937 797 3002 Jacobi
831 2958 928 3022 opere
964 2934 1005 3000 eb
1035 2936 1218 3000 Hermanno
1255 2936 1300 3025 (in

307 3077 458 3133 censure,
496 3075 579 3140 quae
621 3053 668 3116 est
701 3053 735 3116 in
769 3052 895 3140 Algam.
930 3052 1061 3120 Schulz.
1102 3074 1153 3119 an.
1191 3056 1297 3132 1832,

307 3176 344 3240 N.
379 3169 585 3259 roo—102)
618 3167 812 3256 reprehensa
845 3173 1023 3253 sententia,
1061 3193 1126 3260 qua
1157 3172 1192 3237 iu
1226 3194 1296 3238 cor-

300 3290 434 3382 rigendo
472 3300 504 3356 et
536 3286 681 3356 docendo
716 3291 929 3376 praecipuum
962 3290 1094 3357 Lucieni
1134 3291 1295 3357 scribendi

293 3410 462 3478 consilium
504 3409 602 3473 fuisse
634 3409 745 3497 pouit,
778 3421 809 3475 et
841 3411 1012 3496 proprium
1032 3410 1166 3477 Luciaui
1189 3409 1298 3476 chare-

296 3542 415 3594 cterem
449 3524 678 3593 emendatoris
701 3529 807 3616 potius
836 3547 933 3615 quam
964 3527 1179 3594 subversoris
1199 3529 1298 3594 fuisse

298 3658 416 3714 censet.
452 3643 514 3709 Sed
542 3643 621 3710 haec
653 3645 785 3732 quidem
818 3644 1007 3731 disceptatio
1038 3667 1098 3712 nee
1127 3648 1295 3734 separatim

300 3765 433 3830 anobis
459 3784 564 3848 neque
590 3767 623 3830 ἐκ
655 3764 800 3852 παρόδου
823 3765 948 3830 institui
971 3773 1087 3852 potest.
