3160 5018
764 439 804 500 57

294 629 405 696 laudes
437 641 595 716 perpetuo
612 635 847 709 'ostententur;
877 593 959 694 nihil
980 627 1158 717 quidquam
1182 641 1296 719 agatur

291 748 360 812 sine
390 746 573 814 Marathone
595 759 626 813 et
644 747 821 835 Cynaegiro
839 748 862 812 ¹.
886 748 1007 816 Vocem
1032 748 1238 833 impudenter
1260 751 1294 813 in

292 876 423 930 cantum
457 863 617 930 modulari
648 875 773 950 oportet
798 862 823 930 ².
865 865 981 931 Femur
1006 865 1091 930 inter
1121 865 1295 931 dicendum

293 982 495 1067 percutiatur
518 984 550 1062 ³3
577 983 722 1067 eorporis
740 982 872 1048 omnino
893 983 1064 1049 immodica
1077 982 1133 1049 liat
1155 983 1294 1071 gesticu-

291 1101 380 1165 latio.
402 1099 616 1166 Aserihendo
642 1098 866 1165 meditandove
890 1099 1002 1165 sedulo
1028 1101 1062 1164 in
1088 1100 1199 1185 primis
1220 1101 1292 1166 ahs·

292 1218 450 1297 tineatur,
479 1239 605 1302 semper
629 1216 757 1282 dicatur
780 1217 886 1282 subito
909 1226 932 1282 ⁴.
955 1216 1078 1285 Chorus
1101 1216 1294 1283 adhiheatur

289 1339 486 1416 amicorum,
519 1337 577 1422 qui
610 1336 784 1420 obligatam
818 1338 1004 1421 plausorum
1038 1357 1169 1420 operam
1205 1357 1293 1402 com-

293 1454 434 1519 modent.
858 1489 875 1516 ι

340 1575 427 1637 liaeo
456 1575 490 1636 in
516 1572 714 1636 orationihus
736 1581 908 1654 praecepta
931 1582 1005 1635 sunt
1023 1571 1229 1638 observanda.
1253 1575 1291 1637 ln

289 1861 319 1910 αἱ
338 1858 370 1909 δὲ
388 1858 442 1908 τῶν
467 1853 574 1907 πολλῶν
591 1855 723 1913 διαλέξεις
749 1856 796 1905 καλ
820 1856 934 1918 μελέται
958 1859 1159 1918 σοφιστῶν-τοῖς
1180 1859 1291 1922 ὀνόμασι

289 1941 518 2012 παραπετάσμασι
542 1937 662 2008 χρῶνται
680 1937 736 1989 τῶν
758 1939 944 2007 διανοημάτων
959 1960 982 1990 κ.
998 1961 1023 1991 τ.-
1038 1959 1060 1992 ε.
1083 1943 1151 1993 cont.
1173 1955 1235 1993 auet.
1248 1945 1291 1993 lib.

293 2028 322 2076 te
334 2042 399 2088 puer.
412 2025 479 2074 educ.
494 2023 573 2071 Reiek.
588 2021 707 2072 Plutarch.
720 2023 746 2074 T.
761 2022 809 2086 Vl,
825 2042 849 2086 p.
866 2023 908 2075 19.

327 2141 336 2170 ¹
356 2138 403 2189 Rh.
423 2138 463 2185 Pr.
488 2155 509 2186 e.
537 2133 579 2185 18.
609 2135 800 2184 Marathonius
823 2137 876 2185 inda
901 2139 1075 2201 cognominatur
1099 2155 1149 2188 eaae
1175 2141 1291 2188 terebatur

296 2223 443 2270 Ptolemaeus
465 2219 620 2274 Naucratitea.
642 2219 691 2266 vid.
712 2219 824 2269 Phileatr.
842 2221 874 2270 V.
887 2220 912 2271 S.
928 2220 945 2269 l.
961 2220 1002 2283 11,
1018 2218 1066 2283 15,
1077 2223 1090 2288 §
1103 2221 1126 2269 1.
1145 2222 1290 2285 Diophantus

291 2307 316 2355 in
330 2306 421 2355 lunehri
435 2313 494 2353 orat.
508 2305 536 2351 (le
551 2304 683 2352 Ptoaereaio
698 2305 796 2367 (laudat.
812 2321 842 2366 ap
854 2306 952 2358 Creaoll.
968 2323 991 2366 p.
1008 2304 1082 2371 103):
1105 2288 1125 2354 ολ
1141 2305 1289 2375 Μαραθὼν

290 2390 336 2439 καλ
351 2387 483 2449 Σαλαμλν
500 2387 551 2436 νῦν
573 2387 735 2453 σεσίγησδε,
756 2385 816 2437 οἵαν
843 2387 978 2453 σάλπιγγα
998 2388 1053 2439 τῶν
1072 2390 1208 2458 ὑμετέροιν
1225 2407 1288 2458 τρο-

291 2475 377 2525 παίαν
389 2471 593 2530 ἀπολωλέκατε,
612 2472 702 2533 Eunap.
718 2473 767 2520 Vit.
782 2473 851 2534 Soph.
864 2475 901 2522 ed.
914 2473 1027 2536 Boiaaon,
1042 2491 1065 2534 p.
1080 2473 1121 2523 91.

324 2570 338 2598 ²
355 2570 401 2622 Illi.
419 2570 457 2617 Pr.
475 2585 496 2617 e.
512 2566 559 2627 15,
581 2565 621 2615 19.
646 2567 733 2615 Cantus
749 2568 791 2615 ille
804 2567 960 2616 Asiaticorum
974 2571 1094 2631 proprius,
1104 2572 1152 2632 jam
1165 2581 1258 2618 notatur
1274 2589 1287 2616 a

290 2659 363 2708 Cicer.
380 2659 446 2706 Orat.
460 2672 481 2704 ο.
495 2653 528 2718 8,
542 2651 587 2708 18;
598 2670 627 2701 ex
640 2652 697 2700 Λεία
709 2663 785 2701 autem
798 2654 896 2703 maxime
910 2655 980 2717 Soph.
992 2656 1127 2717 eloquentia
1137 2656 1288 2704 inGraeeiam

287 2743 439 2805 migraveram
455 2741 517 2788 conl.
530 2738 624 2786 Petron.
639 2737 715 2802 Satyr.
729 2755 750 2792 ο,
765 2737 791 2787 2.
810 2737 906 2802 Saapina
919 2741 947 2789 ale
966 2741 1031 2803 soph.
1043 2752 1114 2790 cantu
1127 2742 1289 2791 Phileatratna.

289 2825 401 2875 ltomania
416 2826 458 2874 ille
472 2823 567 2872 anrihua
587 2823 613 2870 in
627 2839 662 2884 pr.
677 2823 807 2885 jucundus:
827 2823 921 2873 ἐκεῖνοι
939 2817 987 2884 μὲν
1009 2820 1085 2890 ᾠδὴν
1095 2820 1220 2884 ἐκάλουν,
1236 2823 1286 2888 ἐγὼ

288 2907 321 2958 δὲ
340 2907 512 2970 φιλοτιμίαν,
532 2907 621 2954 Philon.
636 2907 661 2954 in
675 2906 803 2962 Favorino,
825 2906 839 2971 ᾗ
857 2910 889 2964 λς
905 2910 967 2956 eonl.
985 2909 1009 2956 in
1026 2908 1137 2957 lladrian.
1154 2909 1167 2974 ᾗ
1184 2908 1209 2958 5.
1232 2910 1288 2957 Plu-

291 2997 363 3046 tarnh.
386 2997 415 3044 (le
435 2996 508 3042 audit.
528 2994 608 3042 Reialr.
630 3011 653 3054 p.
675 2992 738 3055 149,
758 2994 786 3042 ale
807 2993 964 3055 Sophiatamm
983 2995 1045 3043 voeia
1065 2993 1218 3055 ἐμμελείαις
1239 2993 1286 3042 καὶ

288 3078 457 3144 μαλακότησι
470 3077 518 3126 καλ
531 3075 691 3145 περιᾴσεσιν.
711 3077 767 3129 lue.
781 3088 858 3126 autem
870 3075 954 3133 Eleetr.
963 3096 984 3132 ο.
992 3078 1023 3144 6,
1035 3079 1067 3129 τὸ
1077 3076 1186 3144 δὲέμον,
1200 3080 1284 3141 inquit,

288 3159 515 3214 ἁπλοϊκὸν-οὐδέ
533 3178 573 3216 τις
593 3157 652 3225 ᾠδὴ
665 3159 815 3228 πρόσεστιν.

324 3258 335 3289 ³
354 3260 400 3312 llh.
416 3259 455 3308 Pr.
474 3275 496 3306 o.
514 3255 553 3305 19.
572 3257 683 3306 Philostr.
695 3259 723 3305 de
738 3257 916 3324 seopetiano‚t
933 3263 965 3321 l,
983 3257 1032 3308 τόν
1053 3277 1085 3309 τε
1104 3261 1191 3330 μηρὸν
1201 3259 1281 3318 θαμὰ

287 3341 433 3408 ἕπληττεν.

321 3446 335 3482 4
352 3441 399 3490 nh.
418 3440 458 3490 Pr.
472 3457 494 3487 e.
508 3437 549 3487 20.
569 3439 599 3487 llt
612 3440 679 3502 longe
693 3438 797 3501 plerique
812 3439 926 3501 sophiatae
944 3442 1022 3488 subito
1035 3440 1059 3486 in
1071 3457 1105 3500 pr.
1118 3441 1238 3500 dicebant,
1253 3441 1284 3488 ita

286 3525 390 3586 princepe
411 3539 490 3572 eorum
509 3522 609 3571 llerodea
623 3523 729 3576 Atticus.
747 3533 885 3571 memorante
899 3523 1009 3572 Philostr.
1021 3524 1038 3570 l.
1053 3522 1079 3585 1,
1096 3522 1144 3584 25,
1157 3522 1170 3588 9
1184 3520 1213 3576 6,
1229 3520 1284 3589 ἤρα

283 3607 350 3656 -τοῦ
375 3605 606 3673 αὐτοσχεδιάζειν
632 3604 767 3672 μᾶλλον-ἢ
781 3608 830 3657 τοῦ
859 3605 964 3665 ὕπατός
984 3626 1016 3658 τε
1045 3607 1093 3655 καὶ
1117 3607 1144 3662 ἐξ
1175 3605 1286 3655 ὑπάτων

287 3690 306 3740 δ
308 3698 389 3740 οκεῒν.
407 3693 525 3755 lluaquam
539 3693 665 3754 impenaiua
677 3695 838 3756 extemporalia
850 3711 904 3757 prae
919 3696 1003 3756 aeriptt
1016 3694 1090 3742 oratio
1101 3694 1287 3748 commandatur,

289 3792 358 3836 quam
375 3776 399 3823 in
413 3778 596 3839 flammantia,
616 3794 675 3840 quae
688 3779 779 3844 fertur,
803 3780 906 3828 oratione
924 3781 952 3827 tle
972 3779 1101 3840 Sophiatia,
1119 3776 1200 3824 lleiak.
1223 3775 1287 3822 Orat.

290 3861 317 3908 T.
329 3859 435 3920 VIlI,p.
444 3858 551 3924 78‚aqq.;
565 3878 634 3923 quam
644 3862 684 3909 rix
697 3865 781 3922 poesim
795 3882 843 3912 non
860 3881 901 3925 pro
914 3881 981 3926 opere
992 3864 1064 3926 hujua
1077 3861 1210 3910 reoentioria
1222 3859 1287 3921 aoplr.

288 3945 369 3992 aetatis
377 3943 469 3992 hahere.
487 3946 591 3994 Abuanm
602 3946 673 4009 hujus
686 3949 784 3996 rationia
794 3959 859 3997 notat
875 3959 937 3999 auat.
949 3948 991 3996 lih.
1007 3949 1035 3994 de
1049 3963 1113 4007 puer.
1127 3945 1194 3993 ealuo.
1206 3943 1288 3991 lleiak.

286 4031 350 4079 Plut.
365 4027 391 4083 T.
406 4027 456 4089 vl,
472 4045 496 4089 p.
511 4028 553 4077 19.
570 4030 684 4079 Ariatitlea
701 4043 793 4093 autem,
816 4035 857 4095 qui
876 4049 993 4094 nunquam
1013 4030 1091 4078 anbito
1114 4030 1217 4090 (licebat,
1239 4025 1287 4100 οεῖκ

288 4110 378 4174 trata,
399 4113 487 4175 inquit,
507 4110 562 4162 τῶν
586 4113 735 4175 ε’μοὺντοιο,
754 4115 822 4166 ἀλλὰ
841 4113 895 4166 τῶν
917 4112 1109 4176 ἀκριβούντων,
1136 4111 1245 4161 Phileatr.
1264 4111 1287 4158 in

295 4199 365 4250 hriat.
385 4198 433 4250 l'it.
455 4197 522 4261 Soph.
539 4197 555 4246 l.
570 4197 608 4260 ll,
626 4196 654 4261 9,
670 4194 721 4262 §2
