3160 5018
766 356 811 446 '17

299 585 333 649 in
356 583 461 650 Gallia
488 592 595 646 autem
622 587 688 652 τοῖς
716 575 970 660 μεγαλομίσθοις
998 580 1063 644 τῶν
1085 585 1245 664 σοφιστῶν
1267 607 1299 648 se

298 731 314 770 a
341 712 544 788 numeratum
561 699 656 761 fuisse
680 697 815 760 affirmat
833 697 866 757 in
883 694 1057 782 Apologirt
1078 695 1119 760 de
1144 698 1299 766 Mercede

300 819 484 885 Conduetr'e
507 831 529 881 ¹.

330 937 391 1003 Ubi
403 957 488 1016 vero,
500 933 610 1020 paullo
621 929 1057 1012 inferiusinBa'eAccusoto,
1070 933 1138 1018 ipse
1146 935 1296 1002 adversus

299 1055 504 1120 Rhetoricam
528 1072 670 1116 caussam
693 1073 782 1115 suam
804 1051 901 1129 dicit,
925 1054 959 1118 in
976 1050 1145 1118 rhetoricis
1166 1053 1293 1133 officiis,

299 1195 383 1261 quac
406 1170 679 1259 quadragenarius
702 1168 897 1254 reliquerat,
920 1172 1014 1236 etiam
1036 1170 1171 1236 strictim
1189 1172 1298 1238 foren-
1366 1251 1369 1262 Ι

299 1315 347 1356 ses
370 1292 509 1356 actiones
533 1299 707 1353 memorat:
733 1287 862 1370 καλῶς,
891 1289 1016 1375 inquit,
1039 1285 1104 1377 εἶχέ
1125 1316 1180 1374 μοι
1200 1291 1296 1378 οἰοΰρὶ

298 1413 360 1498 ἤδη
386 1416 626 1496 τετταράκοντα
653 1413 710 1494 ἔτη
736 1409 850 1496 σχεδὸν
882 1414 1030 1490 γεγονότι
1058 1412 1211 1497 θορύβων
1234 1416 1295 1494 μὲν

299 1533 431 1598 ἐκείνων
452 1535 507 1596 καὶ
530 1530 631 1596 δικῶν
655 1527 872 1614 ἀπηλλάχθαι
899 1533 954 1596 καὶ
978 1533 1052 1602 τούς
1075 1531 1200 1618 ἄνδρας
1222 1536 1296 1606 τούς

297 1649 453 1722 hathuwic
481 1650 630 1733 ἀτρεμεῖν
663 1650 720 1711 ἐᾶν
752 1646 777 1708 ².
813 1644 920 1728 Atque
944 1646 978 1709 in
1004 1647 1128 1712 comico
1153 1647 1295 1715 dramate

297 1763 498 1830 Piscatores
510 1763 733 1826 reviviscentes
746 1758 928 1846 philosophi
946 1784 1019 1826 eum
1041 1786 1106 1830 non
1123 1765 1294 1851 sophistam

298 1882 496 1968 potissimum
511 1879 566 1944 sed
588 1878 800 1945 caussidicum
822 1877 923 1942 videri
947 1879 1075 1945 volunt:
1101 1887 1218 1970 ῥήτορα
1239 1891 1293 1952 καὶ

297 2001 468 2066 δικανικόν
504 1997 687 2083 appellant,
721 1995 799 2080 qui,
829 1997 948 2061 relictis
974 1995 1129 2080 judiciis,
1162 2000 1294 2070 dicendi

296 2142 386 2186 suam
399 2119 584 2185 facultatem
596 2128 628 2181 et
646 2114 879 2181 vehementiam
895 2118 929 2181 in
946 2117 1030 2202 ipsos
1053 2121 1260 2187 convertisset
1271 2133 1294 2189 ³.

341 2239 384 2302 Ex
406 2236 530 2301 collatis
554 2236 654 2323 igitur
671 2233 739 2299 Be'c¹
758 2237 925 2299 Accusate'
949 2246 981 2300 et
997 2233 1196 2302 Piscatores
1215 2239 1295 2304 locis

297 2352 442 2418 videmur
485 2351 577 2416 nohis
620 2363 708 2415 recte
748 2361 906 2430 statuere,
961 2351 1157 2432 Lucianum,
1200 2367 1296 2422 ante-

296 2494 393 2558 quam
425 2470 465 2535 ad
489 2469 656 2555 proprium
680 2468 846 2534 literarum
873 2490 974 2556 genus
1003 2471 1204 2551 accessisset,
1229 2485 1293 2541 tam

296 2587 455 2674 sophistae
471 2607 567 2672 quam
586 2584 864 2650 sorensisoratoris
886 2584 990 2648 officia
1010 2588 1198 2653 exercuisse.
1222 2591 1293 2657 Non

295 2728 364 2770 esse
385 2715 492 2770 autem
513 2703 548 2768 in
575 2701 657 2780 hoc,
688 2701 776 2788 quod
802 2723 821 2764 a
847 2702 1080 2768 consuetudine
1110 2703 1198 2768 illius
1222 2708 1293 2772 aevi

297 2821 443 2902 recedat,
468 2845 486 2886 c
511 2842 609 2905 snpra
628 2820 742 2884 notatis
761 2831 895 2904 apparet
917 2819 939 2885 ⁴.
977 2821 1086 2902 Quum
1112 2843 1185 2886 vero
1205 2821 1292 2888 haud

295 2941 390 3005 t'acile
414 2960 491 3003 casu
515 2949 547 3002 ct
566 2938 649 3002 forte
671 2936 844 3015 acciderit,
869 2935 958 3000 utin
982 2937 1083 3002 altero
1108 2937 1179 3002 loco
1200 2939 1292 3004 scho-

295 3059 423 3134 lastica,
443 3055 478 3118 in
498 3053 599 3120 altero
614 3054 752 3118 forensia
765 3075 899 3119 munera
913 3054 1113 3139 potissimum
1133 3057 1292 3145 significa·

297 3187 419 3252 rentur,
444 3171 513 3256 ejus
536 3171 581 3235 rei
597 3191 740 3237 caussam
761 3168 947 3254 hujusmodi
966 3194 1033 3236 esse
1052 3174 1200 3241 arbitror.
1228 3177 1292 3240 Lu-

295 3294 406 3358 cianus
417 3291 476 3355 etsi
486 3299 619 3354 testatur
633 3301 800 3353 sematurc
818 3310 971 3374 prospero
984 3310 1131 3356 successu
1148 3293 1292 3380 gavisum

294 3411 409 3483 tuisse,
447 3407 481 3470 in
512 3407 621 3484 taath,
657 3416 777 3491 quanta
803 3406 838 3470 in
862 3405 952 3472 Ionia
981 3419 1012 3472 et
1042 3408 1177 3474 Graecia
1205 3423 1292 3491 erat,

295 3528 490 3595 nobiliorum
511 3521 726 3608 sophistarum
756 3524 956 3608 frequentia,
977 3547 1041 3589 non
1062 3525 1106 3591 ita
1124 3526 1219 3590 facile
1243 3530 1291 3590 vi-

327 3818 337 3853 l
358 3820 402 3867 Pro
414 3819 483 3868 ltere.
501 3820 573 3866 Cond.
587 3836 608 3866 e.
626 3818 666 3865 15.

328 3925 341 3952 2
360 3915 399 3964 Bis
412 3913 496 3964 Accua.
508 3932 528 3963 e.
542 3913 582 3963 32.

328 4013 339 4044 ³
359 4013 445 4062 Pocae
458 4030 480 4060 s.
498 4011 612 4060 Revivisc.
624 4030 645 4060 c.
658 4010 688 4073 9,
703 4011 733 4074 7,
745 4010 794 4073 23,
808 4010 848 4060 25.

331 4115 345 4145 ⁴
365 4110 419 4161 vid.
434 4109 502 4170 Supr.
516 4125 538 4168 p.
552 4107 596 4170 12,
608 4109 693 4155 etadn.
709 4109 729 4155 1.
