3160 5018
770 431 809 490 12

290 624 380 689 tioris
391 622 581 708 sophisticae
592 635 717 707 praeter
728 624 930 708 eloquentiae
941 626 1168 710 professionem
1177 629 1292 693 relere-

290 744 384 809 batur
405 743 592 827 exquisitior
619 742 777 827 quaedam
800 743 967 808 literarum
995 745 1109 829 eopia,
1140 767 1204 831 qua
1226 769 1291 812 nou

289 862 392 926 solum
422 861 463 925 ad
500 861 665 924 materiem
686 861 946 938 accommodate,
976 861 1032 925 sed
1060 862 1229 946 splendide
1257 865 1291 926 in

289 978 400 1061 primis
423 989 454 1042 et
478 977 603 1042 erudite
631 979 702 1064 quis
721 979 862 1042 scribere
884 989 915 1041 et
944 977 1053 1042 dicere
1076 978 1116 1043 do
1144 981 1230 1046 omni
1257 1003 1291 1043 re

289 1107 404 1178 posset.
429 1097 509 1160 Prae
530 1118 568 1159 ea
586 1096 689 1182 igitur
718 1117 783 1180 qua
812 1096 962 1161 valebant
981 1098 1131 1162 orationis
1147 1099 1290 1183 potentia

288 1213 449 1297 sophistae
479 1213 573 1276 etiam
600 1212 732 1296 publica
762 1213 925 1278 interdum
947 1215 1091 1302 negotia,
1121 1216 1291 1300 inprimis

288 1331 465 1416 legationes
492 1330 642 1407 obibant,
671 1340 702 1393 et
726 1333 851 1416 saepius
873 1331 954 1396 adeo
990 1353 1115 1398 caussas
1143 1335 1290 1400 orabant.

291 1448 402 1511 Plures
433 1446 518 1530 apud
540 1444 766 1513 Philostratum
787 1460 1027 1528 memorantur,
1056 1451 1115 1536 qui
1138 1450 1288 1534 judiciali

289 1564 473 1649 eloquentia
498 1565 720 1630 excelluerunt
753 1567 774 1631 ¹.
799 1568 838 1630 Et
862 1565 1044 1632 rhetoricae
1061 1563 1222 1653 professor
1233 1571 1290 1655 qui

287 1682 374 1765 apud
399 1683 577 1750 Lucienum
607 1685 791 1777 explodi-tur
816 1698 885 1749 tum
914 1686 1022 1772 palam
1051 1685 1225 1771 sophistam
1259 1711 1291 1752 se

288 1797 478 1883 profitetur,
493 1813 562 1866 tum
578 1804 735 1890 gloriatur
745 1825 777 1866 se
791 1809 825 1871 ἐν
837 1813 909 1878 ταῖς
921 1805 1028 1880 δίκαις
1045 1806 1289 1884 ἓξετάζεσδαι’;

287 1918 446 1984 Lucienus
467 1931 574 1985 autem
595 1919 692 2004 hujus
714 1921 992 1989 alumnoaffirmat
1013 1920 1095 1987 nihil
1113 1923 1291 2010 quidquam

288 2060 361 2102 eum
382 2038 622 2124 prohibiturum
640 2062 707 2105 esse
723 2043 759 2107 ἕν
778 2067 811 2105 τε
832 2049 899 2114 τοῖς
920 2042 1139 2127 δικαστηρίοις
1160 2050 1291 2127 κρατεῖν

287 2164 343 2222 καλ
363 2163 398 2224 ἐν
419 2168 486 2232 τοῖς
502 2159 657 2241 κλήθισιν
678 2160 860 2241 εὐδοκιμεῖν
876 2157 897 2221 ³.

332 2273 524 2341 Primarium
542 2284 649 2337 autem
665 2277 699 2338 in
718 2274 847 2338 dicendi
860 2276 1057 2361 argumentis
1068 2275 1177 2339 locum
1192 2272 1291 2339 habe·
1375 2267 1378 2274 ⁴

287 2395 364 2459 liant
382 2393 458 2471 illa,
477 2395 543 2457 sire
558 2393 651 2477 ficta,
674 2393 739 2457 sire
753 2414 790 2455 ex
813 2390 945 2456 historia
958 2392 1121 2471 desumto,
1152 2413 1291 2478 quorunr

287 2511 493 2597 pertractatio
516 2511 704 2576 adornatam
733 2508 868 2574 haberet
901 2509 1113 2573 imitationem
1139 2508 1291 2595 publicae

284 2642 384 2717 atque
402 2630 537 2695 forensis
554 2629 769 2716 eloquentiae.
805 2626 991 2711 Cujusmodi
1013 2628 1148 2692 suerunt
1168 2626 1289 2692 loudo-

286 2751 415 2830 tionee,
437 2748 602 2831 funebres
621 2750 815 2826 orationes,
841 2754 1019 2813 euaeora'oe
1044 2759 1076 2812 et
1097 2759 1288 2812 controver-

286 2871 377 2946 siae,
411 2889 495 2954 quae
515 2868 629 2932 eximie
651 2866 899 2952 appellabantur
929 2866 1056 2929 nomine
1084 2864 1228 2948 μελετῶν
1253 2873 1288 2944 ⁴,

285 2997 383 3073 atque
419 2986 700 3073 distinguebantur
731 2984 982 3050 asedatioribus
1018 2984 1289 3069 disputationibus

296 3166 475 3176 -n—-a—--.
478 3167 588 3174 -------

323 3256 334 3286 ¹
355 3260 464 3308 Philostr.
487 3261 517 3312 V.
543 3261 566 3310 S.
592 3261 609 3309 1.
634 3260 661 3322 1,
685 3259 729 3318 19,
751 3261 764 3324 d
786 3259 809 3310 1.
831 3259 909 3308 Oleer.
933 3275 955 3320 p,
974 3256 1037 3319 511,
1058 3259 1086 3306 de
1103 3258 1196 3308 Nicete:
1216 3242 1293 3316 oinos

286 3351 343 3400 τοῖς
358 3340 406 3404 μέν
421 3344 566 3400 διιιιινιιιοῖς
580 3342 695 3403 ἀμείνων
707 3342 797 3392 ἐδόκει
811 3343 846 3390 τὰ
862 3339 996 3390 δικανικά·
1013 3341 1106 3391 τοῖσδε
1121 3349 1291 3401 σοφιστικοῖς,

285 3427 321 3477 τὰ
331 3427 476 3486 σοφιστικὰ.
492 3425 640 3489 lib.tt,20,
655 3428 669 3492 §i
685 3432 706 3477 l.
725 3427 763 3476 01.
778 3443 801 3488 p.
815 3425 880 3490 600,
893 3429 922 3474 de
938 3427 1076 3487 Apollonio:
1092 3425 1183 3483 ἱκανὸς
1199 3425 1235 3476 τὰ
1247 3424 1292 3474 ds-

286 3512 394 3572 κακικὰ,
416 3511 463 3560 καὶ
480 3512 515 3561 τὰ
528 3509 597 3571 ἀμφὶ
613 3510 730 3576 μελέτην
748 3511 779 3560 οὐ
797 3509 927 3571 μεμπτός.
942 3512 961 3560 l.
979 3510 1000 3574 I,
1015 3509 1126 3575 2l,§3.
1141 3510 1180 3562 01.
1194 3527 1217 3570 p.
1227 3508 1294 3559 5165

285 3598 303 3647 l.
322 3596 364 3658 11,
380 3594 406 3644 2.
420 3596 460 3644 01.
473 3613 497 3657 p.
513 3595 576 3653 5673
597 3597 615 3646 l.
633 3595 673 3660 ΙΙ,
692 3594 739 3657 23,
752 3597 765 3660 p
777 3597 800 3643 4.
821 3596 859 3644 01.
878 3591 906 3657 pi
920 3593 979 3644 606.
997 3596 1066 3644 Cous.
1086 3595 1184 3643 Gresoll.
1198 3592 1291 3642 Thetin

286 3680 355 3729 utet.
369 3697 392 3743 p.
406 3678 470 3742 188,
486 3697 520 3742 sq.
606 3679 618 3710 ²
637 3680 705 3728 Rhet.
721 3682 800 3729 Praoc.
818 3697 838 3728 c·
855 3678 896 3730 25.
985 3673 996 3705 ³
1015 3679 1075 3727 lbid.
1091 3695 1111 3726 c.
1133 3676 1175 3726 26.

324 3772 341 3807 ⁴
360 3776 515 3824 Philostratus
533 3777 616 3837 passim
637 3777 755 3840 designat,
770 3778 845 3839 qualis
857 3777 895 3826 hie
914 3778 951 3826 rel
971 3777 1013 3824 ille
1034 3774 1136 3836 sophista
1153 3776 1225 3824 suerit
1240 3792 1293 3824 cum

285 3859 313 3908 έν
324 3867 386 3916 ταῖς
398 3858 524 3920 μελέταις
537 3870 586 3908 tum
601 3861 629 3909 έν
639 3867 701 3918 ταῖς
714 3860 871 3917 διαλέξεσιν.
890 3861 958 3909 Conl.
974 3859 1024 3906 vit.
1040 3858 1110 3919 Soph.
1124 3857 1231 3922 1.11,8,
1245 3857 1289 3922 03.

288 3942 336 4005 12,
349 3944 362 4008 0
376 3943 401 3992 2.
421 3945 500 3993 Olear.
515 3963 537 4006 p.
547 3943 611 4008 580,
626 3945 690 4002 593,
700 3946 773 4002 alibi;
789 3945 907 3993 Plutarch.
922 3947 950 3992 de
961 3944 1032 3992 audit.
1050 3943 1092 3991 Ed.
1106 3943 1186 3991 Reislr.
1201 3943 1227 3989 T.
1244 3942 1291 3999 Vl,

287 4043 309 4086 p.
328 4025 390 4087 149,
412 4026 441 4074 αἱ
462 4024 492 4074 δέ
516 4025 571 4076 τῶν
589 4025 695 4077 πολλῶν
718 4026 893 4082 διαλέξεις
915 4027 961 4074 καὶ
987 4023 1133 4084 μελέται
1155 4023 1292 4083 σοφιστῶν

287 4110 337 4157 Non
361 4121 421 4158 reete
443 4121 518 4160 autem
533 4113 639 4161 Olearius
658 4114 685 4160 ad
699 4112 761 4159 Phil.
786 4129 807 4172 p.
825 4111 887 4173 513,
904 4120 940 4158 n⁰.
956 4112 979 4158 7.
998 4111 1135 4170 etSohoell,
1155 4109 1237 4158 Gesoh.
1253 4110 1293 4157 der

288 4195 380 4243 Griech.
401 4197 505 4244 hitterat.
529 4199 569 4247 Bd.
590 4199 631 4255 ll,
652 4197 675 4244 S·
690 4195 753 4259 450,
772 4198 861 4246 uehcrs·
887 4209 909 4244 t.
927 4195 1026 4242 Pinder:
1041 4197 1092 4258 τὴν
1104 4191 1218 4258 μελέτην
1233 4203 1289 4243 tam·
