3160 5018
766 395 807 456 56

322 589 528 675 Προπαιδείᾳ
547 585 656 652 sutrino
672 583 790 651 rhetori
815 597 960 670 opusest
983 586 1073 652 nulli
1092 606 1114 674 ¹,
1133 591 1200 655 sola
1213 592 1278 658 viu·

281 709 343 773 tica
375 705 550 774 afferantur
576 704 767 783 inscientia,
792 703 1006 784 confidentia,
1036 707 1189 789 audacia,
1218 711 1279 774 im-

279 825 455 911 pudentia,
488 825 609 888 clamor
640 843 737 910 quarn
777 823 952 901 maximus,
990 820 1119 888 babitus
1151 825 1280 891 luxurii

277 945 443 1022 diffluens,
467 941 638 1028 pedisequi
659 951 690 1006 et
711 940 822 1022 liber..
841 941 980 1029 Reliqua
1004 942 1040 1006 in
1071 943 1141 1028 ipso
1164 944 1280 1010 itinere

288 1073 360 1126 nter
389 1058 662 1148 progrediendum
692 1069 859 1143 parantur.
895 1057 1089 1140 Quindecim
1127 1062 1279 1142 circiter,

277 1203 342 1246 non
365 1181 460 1266 plura
490 1191 577 1246 certc
603 1199 701 1264 quam
725 1177 841 1265 viginti
864 1177 970 1243 Attica
990 1179 1107 1258 rerba,
1141 1203 1280 1270 quorum

278 1301 369 1386 quasi
398 1299 604 1365 condimento
639 1318 854 1385 unaquaeque
885 1297 984 1362 oratio
1019 1297 1228 1386 adspergatur
1256 1315 1279 1366 ².

278 1420 359 1481 Item
374 1417 518 1481 abstrusa
535 1425 567 1479 et
585 1415 726 1479 obsoleta
743 1414 858 1493 rerba,
880 1436 964 1504 quae
979 1413 1165 1499 jaculorum
1182 1418 1282 1483 instar

281 1535 467 1600 emittantur
507 1533 540 1596 in
573 1554 645 1610 cos,
684 1531 879 1620 quibuscum
920 1532 1082 1620 loquaris3
1118 1534 1280 1599 interdum

280 1655 375 1717 etiam
406 1673 488 1715 nova
514 1661 545 1714 et
577 1649 821 1716 insolentissime
851 1650 989 1716 conficta
1011 1655 1034 1715 ³.
1064 1651 1281 1741 Antiquarum

281 1769 426 1855 exempla
449 1769 659 1856 ignorentur;
677 1769 893 1833 recentiorum
906 1768 1153 1834 declamationes
1170 1770 1281 1858 legan-

283 1899 335 1952 tur
360 1899 391 1953 et
411 1889 629 1973 compilentur
650 1885 672 1953 l.
696 1885 858 1951 Orationis
888 1888 1068 1968 sententia,
1088 1888 1186 1969 ordo,
1204 1911 1281 1954 con-

282 2007 419 2072 cinnitas
439 2005 670 2071 contumeliose
687 2004 905 2091 negligentum
924 2006 990 2070 sola
1003 2028 1080 2071 cura
1098 2020 1130 2072 et
1140 2006 1282 2072 studium

279 2127 315 2188 in
337 2147 375 2189 eo
398 2125 500 2209 posita
523 2122 609 2201 sint,
634 2131 732 2186 utne
760 2131 865 2185 taceas
889 2120 911 2184 ⁵.
936 2122 1099 2209 Antiquae
1126 2124 1282 2189 Graeciae

283 2271 568 2282 W...-

317 2347 329 2376 1
349 2350 395 2397 lllr.
415 2349 495 2397 Praec.
509 2366 531 2398 c.
542 2349 582 2398 lt.
603 2349 669 2398 libet
683 2350 722 2398 bio
736 2351 826 2413 aliquot
841 2350 976 2399 Latinorum
988 2369 1015 2400 ac
1029 2353 1170 2401 Graecorum
1186 2357 1282 2416 scripto·

284 2451 335 2481 rum
356 2435 419 2481 locos
431 2449 558 2494 apponere.
574 2433 616 2495 qui
629 2434 726 2481 Luciani
736 2433 825 2496 judicia
837 2435 981 2483 confirmant.

318 2517 427 2581 Neglecta
443 2519 537 2580 praevia
554 2518 686 2581 disciplina,
695 2519 721 2566 in
733 2517 796 2567 ltial.
810 2518 837 2566 de
850 2528 919 2566 orstt·
934 2536 955 2568 o.
970 2516 1019 2582 32,
1033 2521 1106 2581 prima
1120 2537 1201 2569 causas
1219 2532 1286 2571 nota-

283 2617 323 2654 tur
336 2616 457 2667 corruptae
470 2607 632 2667 imperatorum
645 2621 702 2652 acro
716 2605 863 2668 eloquentiae
877 2604 914 2669 (de
931 2606 1012 2654 Graec.
1030 2608 1092 2654 conl.
1108 2607 1164 2656 ibid.
1181 2624 1202 2656 c.
1216 2605 1283 2674 15.);

283 2691 382 2754 Quintil,
398 2691 457 2739 Inst.
472 2690 537 2738 Orat.
552 2691 571 2738 l.
587 2689 625 2749 ΙΙ,
639 2707 661 2737 o.
677 2688 738 2751 XX,
753 2687 785 2751 2,
809 2691 918 2738 «multos
940 2691 1002 2738 enim
1022 2691 1090 2739 rideo
1103 2691 1138 2756 (in
1152 2692 1237 2739 studiis
1250 2693 1287 2739 di-

282 2775 373 2841 cendi),
396 2776 446 2824 sina
464 2776 570 2835 ratione,
593 2775 642 2821 sine
662 2774 753 2836 literis,
774 2789 822 2835 qua
841 2776 879 2821 rel
905 2775 1046 2836 impudentia
1061 2777 1099 2823 vel
1118 2778 1189 2823 tames
1201 2778 1281 2838 duxit,

282 2871 405 2909 ruentes.»

318 2949 330 2976 2
349 2945 451 2995 Rh.1³r.
471 2963 492 2994 o.
514 2945 561 3008 16,
584 2944 622 2996 18.
642 2947 778 2994 Eorumderrs
793 2947 884 2994 verbor.
898 2945 994 2993 abusum
1007 2944 1059 2990 risit
1073 2943 1129 2991 Luc.
1143 2943 1168 2992 in
1189 2945 1285 3006 bexiplr.

282 3046 302 3074 c.
317 3026 362 3083 21;
382 3035 405 3074 et
427 3037 479 3087 post
501 3044 553 3074 eum
576 3028 729 3089 Themistius,
749 3027 815 3079 Orat.
827 3026 855 3089 1,
869 3027 929 3077 conl.
953 3026 1203 3090 Cresollius,1'lreatr.
1215 3027 1283 3077 libet.

281 3113 299 3159 1.
316 3109 369 3173 nr,
387 3127 410 3172 p.
423 3110 482 3158 335.

321 3205 333 3238 ³
352 3208 397 3256 lllr.
415 3209 453 3257 Pr.
469 3226 490 3257 e.
515 3209 555 3259 17.
580 3209 717 3274 Singulatim
738 3210 782 3258 bac
801 3211 829 3259 de
846 3227 869 3257 ra
887 3209 943 3258 Luc.
960 3211 985 3257 in
1006 3209 1185 3271 beriplsane...
1198 3211 1286 3260 Gensis

283 3291 393 3340 dicendi
412 3301 545 3342 vetustum
559 3295 583 3342 in
597 3313 631 3356 pr.
645 3294 732 3343 amavit
745 3297 868 3356 imperator
880 3293 1027 3358 Hadrianus,
1041 3295 1089 3343 rid.
1102 3294 1156 3347 Ael.
1172 3295 1247 3356 Spart.
1261 3294 1286 3342 in

283 3376 340 3424 Adr.
359 3393 380 3425 o.
399 3375 439 3424 16.
468 3376 584 3425 Colorem
603 3381 767 3428 vetusculum
781 3381 927 3445 appingere
939 3377 1039 3428 orationi
1052 3379 1083 3428 11.
1098 3379 1208 3430 Aurelius
1217 3380 1286 3441 jube-

280 3469 320 3507 tur
339 3478 353 3509 s
375 3470 520 3523 praeceptore
539 3462 570 3511 11.
588 3463 657 3513 Com.
676 3465 808 3526 Frontone,
826 3466 873 3512 rid.
893 3464 964 3529 hujus
977 3465 1104 3526 reliquias,
1117 3466 1153 3513 ed.
1168 3464 1279 3512 Niebuhr.

281 3561 304 3604 p.
322 3543 387 3606 107,
406 3544 469 3608 119,
485 3545 543 3595 121.
561 3548 613 3596 Janr
626 3548 727 3610 Seneca,
746 3549 818 3609 Epist.
838 3546 900 3610 tlt,
914 3549 994 3597 «Cum
1004 3548 1102 3594 assuerit
1114 3547 1204 3595 animus
1216 3547 1283 3596 lasti·

283 3628 349 3690 dire,
365 3645 424 3690 quae
443 3647 472 3678 ex
486 3647 548 3677 more
563 3641 617 3678 sunt
631 3633 700 3679 etiarn
719 3633 744 3679 in
767 3633 870 3680 oratione
890 3633 952 3693 quod
969 3629 1055 3682 novum
1074 3641 1123 3693 est,
1142 3631 1247 3693 quaerit:
1263 3643 1287 3682 et

282 3717 350 3763 niodo
360 3717 456 3779 antiqua
469 3719 539 3764 rerba
558 3727 626 3778 atque
644 3720 735 3766 exoleta
748 3728 841 3766 revocat
853 3728 875 3766 et
888 3719 988 3780 profert,
1004 3719 1072 3766 modo
1089 3717 1154 3780 lingit
1166 3727 1189 3766 at
1202 3718 1281 3782 ignota

280 3803 548 3863 detectorumque
566 3800 719 3861 ὀψιμαθίας
741 3803 823 3850 vitium
842 3813 911 3851 notat
931 3804 1037 3863 Gellius,
1051 3802 1079 3850 ll.
1094 3802 1144 3851 Att.
1158 3802 1207 3867 xl,
1223 3821 1243 3851 c.
1262 3804 1286 3852 7.

286 3889 354 3937 Conl.
366 3888 493 3937 llarrnann.
511 3887 638 3936 Comment.
652 3889 681 3935 ad
694 3887 748 3935 Luc.
764 3888 793 3951 Q
809 3888 870 3937 llist.
884 3890 978 3937 Censor.
993 3906 1015 3950 p.
1031 3885 1093 3950 268,
1109 3905 1160 3950 sqq.

316 3977 329 4010 ⁴
348 3983 393 4037 nt.
408 3986 446 4034 Pr.
459 4003 478 4033 c.
496 3980 536 4034 17.
556 3983 623 4033 Conl.
639 3982 696 4030 Luc.
710 3982 842 4044 Apoplrras,
860 4001 881 4030 c.
896 3983 928 4044 5,
941 3981 971 4039 ὃς
988 3983 1081 4045 leriplr.
1105 4001 1126 4032 c.
1140 3979 1285 4045 23,deqno

283 4068 352 4124 inira.

319 4151 393 4200 5lllr.
419 4153 455 4200 Pr.
479 4171 499 4202 c.
525 4153 570 4210 18;
596 4151 711 4201 Plutarch.
733 4151 757 4200 in
777 4152 829 4200 libr.
844 4151 871 4200 de
888 4151 960 4200 audit.
976 4151 1055 4200 lleisk.
1070 4151 1094 4200 T.
1109 4151 1193 4214 v1‚p.
1207 4149 1268 4200 tto,-
