3160 5018
762 428 800 489 ot

283 643 340 706 per
371 630 472 684 totum
507 619 653 684 libellum
686 619 880 684 dominatur.
915 619 975 682 Per
997 619 1176 686 simulatam
1199 622 1280 686 ritu-

282 738 479 822 perationem
515 738 651 801 maxime
680 759 749 800 earn
783 734 910 815 laudat,
944 747 1054 822 utpote
1081 738 1141 822 ipsi
1168 739 1282 822 proba-

282 867 367 940 tam,
399 853 440 918 ab
474 853 629 942 ipsoque,
664 865 820 940 quantum
854 855 1015 931 licuisset,
1048 858 1222 940 perfectam
1258 857 1279 920 ¹.

285 995 301 1036 r<
315 971 422 1056 Atque
442 969 591 1058 equidem
612 971 718 1050 miser,
732 995 749 1034 rr
768 973 894 1057 inquit,
914 994 1000 1056 oper
1019 971 1107 1037 illam
1130 972 1279 1052 ascendi,

286 1112 302 1153 o
315 1099 361 1151 tot
380 1089 538 1172 susceptis
550 1087 618 1151 sine
639 1109 750 1154 caussa
761 1089 936 1156 laboribus.
956 1090 1026 1154 Non
1040 1090 1135 1168 enim,
1153 1088 1282 1172 juvenis

285 1224 388 1269 «cum
411 1225 528 1284 essem,
556 1205 727 1284 videbam,
750 1205 831 1292 quid
856 1207 971 1271 melius
997 1217 1098 1286 esset,
1128 1205 1184 1283 sed
1208 1227 1280 1272 vere

286 1321 422 1385 «dicere
446 1329 576 1406 potitam
609 1322 704 1387 illum
735 1322 905 1408 putabam,
932 1345 969 1388 er
998 1323 1162 1390 laboribus
1192 1325 1280 1388 nasei

285 1461 302 1501 <r
315 1440 399 1505 bona
421 1437 598 1520 dieentem;
626 1438 681 1504 sed
701 1463 750 1504 res
773 1441 820 1504 sie
841 1463 875 1505 se
900 1463 966 1505 non
989 1440 1154 1508 babebat»
1175 1442 1198 1506 ².

326 1559 435 1645 Longe
454 1558 600 1644 prolecto
625 1557 787 1622 diversum
809 1559 872 1623 fuir
893 1561 1093 1650 antiquitatis
1115 1561 1280 1639 studium,

282 1677 379 1764 quale
406 1677 565 1740 Lucianus
584 1675 752 1759 probavit,
776 1698 795 1741 a
824 1677 967 1760 specioso
989 1678 1065 1757 illo,
1098 1701 1163 1766 que
1186 1680 1281 1744 etiarn

282 1795 431 1882 plerique
447 1794 598 1858 levissimi
628 1793 833 1880 eloquentiae
863 1794 1002 1859 artifices
1030 1795 1219 1884 aequalibus
1248 1818 1282 1860 se

284 1911 509 1979 commendare
535 1911 691 1976 solebant.
726 1912 836 1998 Ipsum
856 1912 1063 2001 antiquorum
1083 1912 1177 1976 illum
1203 1933 1280 1976 con-

283 2041 469 2108 temtorem,
493 2029 549 2117 qui
570 2029 709 2095 faciliori
731 2028 923 2115 sophisticae
944 2031 1014 2096 viae
1036 2041 1283 2115 anostroprae·

282 2146 413 2227 ficitur,
438 2145 633 2231 discipulum
659 2167 753 2210 suum
771 2145 943 2229 jubentem
972 2148 1116 2212 videmus
1141 2147 1282 2235 antiquis

284 2264 387 2328 verbis
419 2264 477 2330 uti.
521 2265 560 2328 Et
586 2264 712 2349 saepius
744 2276 856 2330 eontra
890 2264 1050 2330 lmeianus
1079 2263 1281 2350 κακοζηλίαν

284 2405 397 2448 eorum
422 2383 562 2463 notavit,
599 2385 656 2473 qui
678 2384 729 2449 rel
752 2407 791 2448 ex
817 2385 1025 2473 antiquorum
1046 2385 1124 2450 locis
1142 2384 1282 2469 splendi-

283 2501 339 2566 dos
360 2512 512 2567 centones
533 2501 794 2566 consarcinarent
816 2520 845 2581 ³,
873 2502 924 2566 vel
950 2503 1086 2567 obscuro
1110 2502 1282 2568 vorborum

282 2629 439 2682 vetustate
458 2618 593 2683 orationi
612 2641 687 2683 suae
703 2617 891 2704 dignitatem
910 2619 1082 2684 conciliare
1099 2619 1281 2684 studerent:

283 2741 358 2812 rode
375 2739 611 2823 ὑπεραττίκους
639 2732 725 2804 εἶναι
745 2737 920 2814 ἀξιοῦντας
946 2739 1001 2802 καὶ
1022 2741 1082 2821 τὴν
1103 2741 1214 2819 φωνὴν
1228 2740 1284 2810 εἷς

284 2858 326 2919 τὸ
369 2857 646 2941 ἀρχαιότατον
688 2856 978 2943 ἀπηκριβωμένως
998 2861 1021 2918 ⁹.
1062 2854 1128 2918 Nee
1156 2854 1283 2929 solum,

283 2971 361 3058 quia
388 2970 527 3036 ridicula
553 2993 683 3057 prorsus
714 2974 950 3039 inconcinnitas
980 2995 1054 3038 cum
1084 2971 1198 3058 putida
1224 2971 1284 3036 ista

283 3087 501 3152 aemulatione
524 3088 699 3173 conjuncta
724 3113 793 3155 esse
809 3091 931 3156 solebat
951 3095 981 3170 ⁵,
997 3101 1028 3156 et
1044 3091 1219 3156 sententiae
1233 3090 1281 3153 vel

283 3203 402 3269 inritae
431 3205 557 3289 provisa
587 3207 684 3273 verba
718 3210 810 3296 sequi
844 3208 1045 3296 cogebantur
1065 3217 1102 3284 ⁶,
1132 3207 1188 3272 sed
1207 3208 1285 3294 quia

323 3529 333 3560 1
353 3523 405 3571 llon
421 3533 499 3572 tamen
518 3525 605 3575 ideireo
617 3527 673 3574 libri
684 3526 807 3573 eonsilium
819 3541 867 3572 non
881 3525 955 3573 multo
968 3525 1054 3588 magis,
1067 3526 1182 3573 derisione
1196 3541 1287 3586 perrer-

283 3623 338 3669 me,
351 3625 421 3670 quern
436 3611 631 3660 commendatione
646 3610 750 3672 propriae
764 3612 883 3675 enjusdam
898 3611 995 3659 rationis
1007 3612 1144 3660 censendum
1159 3620 1202 3660 est.

322 3704 398 3757 2Rh.
412 3707 451 3756 Pr.
465 3725 486 3756 c.
503 3707 527 3757 8.

329 3803 341 3836 ³
360 3799 414 3849 virt.
427 3802 466 3849 Bis
477 3807 563 3855 Aecus.
578 3820 599 3852 c.
611 3801 659 3860 263
679 3803 734 3852 Jov.
748 3804 858 3868 Tragoed.
877 3823 898 3854 c.
915 3804 963 3870 ll,
981 3806 1013 3855 15
1025 3807 1085 3864 init3
1099 3806 1212 3870 Quomod.
1226 3803 1287 3852 llist.

286 3883 383 3933 Concor.
405 3901 426 3934 o.
442 3884 483 3935 15.

320 3984 337 4020 4
356 3981 482 4043 Lexipbnn.
498 4001 519 4033 c.
535 3982 583 4045 25,
595 3981 641 4040 20;
657 3986 716 4034 vita
727 3986 823 4036 Bouron.
838 4005 859 4036 o.
874 3985 920 4045 26;
938 3989 1021 4052 Quom.
1037 3989 1097 4036 llist.
1111 3989 1203 4038 Conscr.
1216 3990 1286 4037 cau.

323 4079 332 4113 ⁵
358 4077 441 4140 Quom.
460 4077 522 4127 ltin.
538 4093 626 4126 consor.
639 4096 660 4127 c.
678 4077 726 4141 16,
741 4079 789 4136 22;
803 4081 898 4143 Lexipb.
914 4100 935 4135 e.
949 4083 991 4132 25.

317 4167 332 4206 ⁶
359 4176 441 4240 Quom.
457 4176 517 4226 llist.
533 4177 626 4226 Concor.
642 4195 661 4225 c.
678 4176 724 4232 15;
744 4180 838 4241 bexipb.
852 4197 874 4230 c.
888 4178 929 4228 24.
