3160 5018
771 412 811 476 to

294 606 450 669 sententia
472 605 670 688 potissimum
693 606 814 670 lormae
839 607 1009 687 inserviam
1041 609 1074 672 in
1102 632 1165 696 qua
1195 611 1289 677 ador-

294 721 400 788 nauda
416 743 475 806 pro
495 719 738 808 sophisticarum
749 723 915 789 literarum
932 724 1055 804 indole,
1081 730 1290 814 praecipuum

294 839 455 923 scriptoris
474 839 642 904 eonsilium
661 840 780 924 expleri
795 841 930 908 ridetur.

339 962 452 1047 Neque
475 982 511 1024 eo
528 957 653 1043 judicio
673 961 770 1044 plane
789 960 975 1025 eximendus
995 974 1042 1026 est
1058 962 1158 1040 alter,
1194 983 1292 1047 quem

293 1077 445 1156 diximus,
471 1076 566 1152 liber,
579 1074 797 1140 Anacharsis
812 1077 995 1162 inscriptus.
1021 1078 1177 1166 Gymnica
1194 1079 1292 1156 ratio,

293 1217 390 1283 quam
413 1195 510 1259 Solon
534 1196 569 1259 in
594 1216 631 1258 eo
660 1194 823 1281 colloquio
844 1193 951 1261 dttica
968 1216 1042 1258 cum
1060 1193 1241 1260 urbanitate
1262 1207 1292 1260 et

293 1312 398 1378 ironia
423 1310 553 1374 miranti
579 1311 647 1394 ejus
669 1311 900 1377 absurditatem
923 1311 1074 1400 Scythico
1096 1311 1212 1398 hospiti
1239 1335 1292 1376 er-

292 1431 404 1517 ponit,
428 1429 561 1494 Lueiani
592 1440 735 1514 ternpore
765 1429 810 1492 ita
831 1429 1080 1516 degeneraverat
1097 1441 1129 1493 et
1145 1431 1179 1493 in
1190 1427 1292 1494 athle-

292 1551 388 1613 ticam
427 1548 569 1634 abierat,
607 1559 644 1612 ut
672 1548 839 1633 pristinam
872 1549 942 1634 ejus
972 1562 1120 1614 naturam
1151 1548 1246 1611 multi
1274 1571 1291 1612 a

293 1668 426 1733 Graecis
438 1666 507 1750 jam
529 1688 644 1751 parurn
665 1665 939 1752 adsequerentur,
964 1666 1127 1754 quinimo
1150 1666 1292 1752 aequalis

293 1787 393 1852 nestri
405 1787 547 1852 Galenus
559 1787 740 1851 universam
757 1786 981 1872 palaestricam
993 1796 1093 1850 artem
1109 1784 1183 1850 data
1196 1805 1291 1871 opera

292 1905 493 1969 acerbissime
524 1903 775 1992 impugnandam
805 1904 966 1968 censuerit
1001 1913 1023 1967 ¹.
1069 1903 1142 1967 Non.
1173 1903 1292 1986 impro-

292 2023 406 2089 babilis
434 2021 510 2088 inde
535 2022 642 2107 opinio
666 2027 677 2062 ²
701 2033 769 2100 cst,
792 2021 827 2084 in
851 2020 1016 2085 crebriore
1038 2018 1107 2102 ejus
1142 2018 1292 2084 materiae
1347 2101 1352 2112 ι

293 2141 546 2225 disceptatione,
583 2160 681 2224 quam
709 2137 846 2222 hujusce
882 2139 1000 2223 scripta
1033 2137 1120 2222 apud
1155 2137 1292 2202 Graecos

292 2259 513 2337 suscitassent,
525 2257 667 2322 Luciano
690 2256 962 2342 opportunitatem
975 2253 1149 2332 exstitisse,
1173 2271 1212 2320 ut
1231 2252 1293 2318 hae

293 2377 510 2462 disputatione
542 2375 680 2442 rationes
718 2383 1004 2451 commonstraret,
1038 2372 1157 2458 quibus
1189 2393 1291 2458 aequa

294 2496 362 2582 ejus
380 2494 570 2581 dijudicatio
589 2495 724 2560 maximo
745 2493 870 2558 institui
890 2503 1007 2578 posset.
1023 2495 1063 2557 Et
1085 2515 1159 2556 sanc
1171 2504 1292 2580 quanto

294 2614 491 2703 praeclarius
510 2616 670 2680 Lucienus
688 2636 785 2700 quam
797 2614 898 2699 ipsius
917 2613 1067 2700 aequales
1085 2634 1122 2676 ea
1134 2613 1167 2676 iu
1181 2633 1291 2676 caussa

293 2736 407 2801 veteris
430 2735 499 2800 aevi
515 2733 656 2798 indolem
685 2731 886 2816 perspexerit
915 2730 1047 2818 egregio
1067 2727 1122 2791 hic
1136 2729 1221 2793 liber
1238 2728 1295 2794 do-

293 2865 444 2919 cumento
469 2865 527 2919 est.
574 2848 583 2856 ’

336 2970 484 3054 Corporis
505 2967 765 3032 exercitationem
780 2989 816 3030 ex
835 2967 904 3050 ipsa
926 2969 1069 3032 Graecae
1093 2965 1294 3052 antiquitatis

291 3149 609 3158 -----.--—--.-—-——-·

291 3269 433 3316 celebrarent
445 3281 513 3327 qnam
527 3266 578 3330 ejus
590 3281 659 3327 opera
674 3277 828 3330 praestarent,
842 3285 890 3316 non
903 3271 1030 3330 comparari
1043 3270 1068 3318 id
1080 3281 1153 3331 potest
1167 3287 1218 3319 cum
1232 3289 1293 3318 acer--

290 3357 377 3413 hiteta,
396 3368 441 3414 qus
460 3359 539 3413 postes
551 3351 606 3400 tuo.
622 3353 647 3399 in
659 3369 695 3414 pr.
706 3353 731 3402 ira
743 3354 889 3416 Philosophia
902 3356 1032 3402 nseudacem
1041 3355 1154 3402 amicitiae
1167 3357 1263 3417 speeiem
1272 3366 1293 3403 rt

292 3437 511 3487 commendationem
524 3437 614 3484 notavit
628 3437 704 3504 (Gens.
720 3440 781 3489 Pisc.
794 3438 840 3501 35,
857 3437 903 3496 36;
924 3439 1018 3496 Timon,
1033 3457 1052 3488 e·
1068 3437 1117 3502 56,
1131 3439 1162 3489 st
1173 3455 1181 3496 ς
1194 3439 1290 3488 lcarom.

291 3541 311 3571 c.
331 3521 391 3588 31),
422 3530 445 3568 et
464 3521 577 3582 Mnesippi
599 3522 723 3582 disputatio
747 3539 797 3570 eam
815 3524 887 3584 ipsam
906 3521 1103 3584 reprehensionem
1124 3522 1248 3584 redarguit.
1272 3525 1290 3572 t

288 3607 366 3654 libelli
380 3605 462 3654 babitu
475 3614 523 3652 ete
539 3622 558 3656 c.
583 3603 614 3667 9,
634 3605 669 3657 Cl.
689 3606 783 3654 Geelius
801 3607 904 3669 colligit:
920 3606 975 3654 Luc.
982 3607 1056 3654 ridere
1063 3607 1117 3654 illos
1125 3606 1287 3668 philosophos,

288 3693 329 3752 qui
343 3691 418 3739 sterili
433 3691 535 3738 oratione
546 3706 620 3752 neque
633 3691 788 3751 exemplorum
801 3690 928 3739 luminibus
939 3691 1042 3754 illustri,
1053 3692 1081 3740 de
1096 3691 1220 3740 amiconnn
1235 3693 1287 3740 olli-

289 3778 332 3825 ciis
344 3784 464 3838 praecepta
474 3774 563 3824 duent.
581 3775 644 3827 Bihl.
660 3775 718 3824 Crit.
730 3774 789 3825 Nor.
804 3775 859 3826 vot.
870 3776 913 3840 11,
927 3792 949 3837 p.
966 3774 1024 3825 114.

323 3888 333 3925 ¹
353 3893 421 3940 cort.
446 3890 535 3953 Pauly,
556 3889 647 3952 Proleg.
667 3889 692 3936 in
713 3888 738 3937 h.
763 3889 819 3938 libr.
842 3890 897 3939 edit.
921 3907 944 3953 p.
966 3888 1037 3939 XVII
1054 3905 1105 3953 sqq.
1132 3890 1237 3940 Galenus
1258 3893 1286 3939 erl

289 3973 393 4038 Thrasyl.
406 3993 427 4023 e.
440 3973 470 4022 ll
481 3973 650 4026 -onelrssrrs
672 3973 719 4023 aul
736 3975 860 4043 θερίζειν
880 3993 906 4029 rs.
924 3995 951 4025 τ.
974 3974 998 4025 λ.
1020 3976 1130 4027 ἅπαντά
1153 3996 1184 4029 τε
1200 3976 1287 4028 τᾶλλα

290 4055 362 4103 auris
379 4056 456 4114 φύσιν
474 4055 640 4124 ἐργάζεσθαι
653 4061 776 4124 κρεῖττον
794 4056 811 4121 ἢ
825 4057 897 4117 κατὰ
909 4056 1079 4128 παλαίστραν
1091 4061 1286 4126 γυμνάζεσθαι.

323 4167 333 4200 ²
355 4167 489 4230 Wirlandi,
508 4167 550 4216 Th.
566 4167 614 4229 lv,
627 4169 650 4215 S.
667 4165 716 4215 233
730 4185 793 4230 seqq.
813 4183 880 4231 quem
896 4171 999 4233 sequitur
1012 4170 1090 4220 helam.
1106 4172 1130 4218 in
1144 4171 1186 4219 lib.
1201 4187 1246 4232 arg.
