3160 5018
759 424 801 484 53

288 607 379 673 duxit
408 623 439 675 et
465 615 626 678 Graccum
648 612 682 677 in
706 636 743 678 eo
765 613 932 700 ingenium
953 610 1197 697 exquisitissimi
1216 622 1284 676 arto

287 725 499 795 adumbravit.
524 730 686 813 Quantum
703 742 810 796 autem
828 727 968 794 Athenas
981 727 1130 793 dilexerit
1151 739 1183 794 et
1196 728 1281 794 facto

287 842 406 908 deinde
423 845 578 926 ostendit,
601 867 723 936 quum,
744 849 840 913 misso
860 845 1034 932 sophistico
1057 846 1202 934 negotio,
1223 845 1291 910 illic

288 960 368 1025 vitae
387 983 460 1029 snae
478 974 509 1028 et
530 964 586 1030 otii
604 965 711 1030 sedem
729 967 835 1051 posuit
858 966 880 1031 ¹.

769 1515 817 1602 l.

365 1780 404 1830 ott
422 1781 546 1830 cuussts
563 1781 685 1831 unttc'rt
705 1782 725 1830 A
746 1783 881 1832 hllClANO
899 1783 1070 1832 sorutsssct
1090 1781 1201 1830 stuutt.

327 1995 377 2062 hd
400 2010 487 2063 recte
509 2001 755 2067 existimandum
778 2004 818 2067 de
833 2002 1033 2088 juvenilibus
1057 2003 1192 2068 Luciani
1213 2009 1285 2064 stn-

282 2120 355 2197 diis,
367 2120 473 2207 deque
491 2145 602 2187 eornm
615 2124 645 2187 vi
666 2124 700 2189 in
718 2125 928 2210 posteriorem
946 2123 1014 2208 ejus
1028 2125 1140 2202 vitam,
1156 2120 1284 2206 juvabit

282 2238 378 2302 etiam
399 2239 570 2304 attendisse
590 2241 738 2322 rationes,
761 2253 892 2327 propter
908 2263 987 2330 quas
1011 2241 1191 2306 rhetoricae
1208 2261 1284 2326 pro·

281 2355 410 2420 lessioni
430 2356 590 2423 valedixit.

286 2475 288 2480 ’
324 2473 493 2553 Vidimus,
513 2497 586 2539 eum
606 2477 639 2539 in
655 2476 709 2539 Bis
725 2477 884 2542 Accusato
899 2474 1107 2540 Rhetoricam
1121 2475 1282 2541 induxisse

281 2590 340 2654 sub
359 2613 495 2675 persona
514 2591 691 2658 derelictae
706 2594 814 2657 uxoris
829 2593 934 2677 ipsum
947 2604 1154 2658 accusantem
1167 2586 1198 2672 ²3
1214 2590 1282 2674 jam

280 2711 314 2774 in
336 2709 539 2787 defensione,
573 2732 670 2798 quam
701 2733 738 2775 eo
763 2711 836 2775 loco
862 2710 973 2789 dedit,
998 2709 1149 2795 aequales
1174 2706 1281 2773 rheto-

280 2851 329 2894 res
344 2827 530 2893 assimilavit
541 2827 754 2893 insolentibus
773 2828 987 2906 amatoribus,
1005 2827 1062 2913 qni
1083 2848 1163 2904 eam,
1184 2846 1281 2913 quam

278 2948 347 3032 ipse
365 2945 511 3033 legitime
529 2943 690 3012 habuisset
707 2947 811 3025 ,ebrii
837 2946 1071 3013 adulterasseut
1090 2954 1121 3009 et
1140 2964 1278 3030 quorum

279 3065 312 3126 in
342 3062 478 3145 gratiam
512 3061 591 3141 illa,
625 3062 745 3147 rejecto
778 3062 906 3127 decenti
940 3060 1073 3141 babitu,
1104 3083 1169 3148 quo
1204 3060 1280 3124 olim

279 3179 547 3244 Paeaniensisille
562 3178 672 3245 rhetor
685 3203 753 3246 eam
769 3180 915 3246 indutam
933 3179 1084 3259 duxisset,
1097 3176 1279 3244 meretricio

279 3317 368 3361 more
389 3319 503 3362 ornare
525 3320 557 3362 sc
582 3308 614 3361 et
631 3299 778 3363 infucare
799 3300 954 3384 coepisset
974 3298 998 3365 ¹.
1025 3300 1101 3361 Eam
1121 3296 1279 3360 Lucienus

317 3549 328 3582 1
351 3539 405 3586 Vid.
419 3537 561 3585 Athenarum
577 3536 657 3584 laudes
669 3535 693 3582 in
707 3533 816 3596 Nigrino,
834 3551 854 3582 c.
865 3530 896 3580 12
912 3549 961 3595 sqq.
981 3532 1078 3580 Athenis
1091 3532 1117 3579 in
1129 3548 1163 3592 pr.
1179 3538 1278 3592 aguntur

279 3622 396 3684 praecipui
415 3623 466 3682 ejus
486 3620 567 3669 cornici
583 3620 683 3682 dialogi,
697 3619 761 3666 conl.
777 3617 852 3667 Wiel.
867 3616 910 3664 Th.
924 3617 950 3678 1,
969 3617 992 3666 S.
1011 3617 1076 3666 xvt.
1103 3616 1193 3663 Patrem
1210 3629 1276 3660 suum

278 3704 402 3752 Samosatis
416 3704 562 3752 arcessivisse
583 3713 607 3751 et
624 3703 685 3750 illuc
704 3699 836 3760 deduxisse,
858 3700 976 3759 probabile
987 3711 1022 3748 eet
1036 3717 1065 3748 ex
1084 3699 1152 3746 Alex.
1170 3713 1189 3744 s.
1203 3696 1277 3744 Pseu-

277 3793 339 3840 dom.
353 3806 374 3836 c.
394 3786 440 3845 56;
455 3790 520 3844 conl.
535 3789 624 3839 Watal.
645 3787 673 3835 de
693 3785 749 3834 buc.
764 3785 826 3846 vita,
845 3801 867 3845 p.
888 3783 929 3832 49.
943 3785 988 3834 uel
1008 3786 1136 3850 μήκιστον
1155 3781 1205 3829 illic
1223 3796 1274 3827 oum

281 3875 419 3922 Demonacte
427 3881 531 3920 versetur
542 3881 585 3932 est,
599 3872 698 3920 Damon.
717 3869 765 3917 vir.
781 3887 802 3917 c.
821 3869 843 3917 l.
862 3869 891 3917 In
910 3868 1005 3931 Navigio
1018 3879 1093 3917 autern
1108 3866 1211 3915 videmus
1224 3881 1276 3913 eum

278 3958 376 4008 Athenis
388 3957 529 4005 habitettem
543 3967 567 4005 et
578 3956 655 4006 Attico
667 3971 709 4004 sno
724 3948 1272 4019 otiobeatum3vid.paasimllarig.eto.15,33.

259 4039 263 4050 .
320 4060 413 4108 ²Vid.
429 4074 490 4122 supr.
504 4076 527 4121 p.
540 4055 580 4106 15.

317 4159 327 4190 ³
358 4157 587 4212 nisteronem.
