3160 5018
760 396 800 456 55

290 588 421 652 loricam
444 587 593 671 reliquit,
615 598 651 650 ut
665 597 799 672 apparet
820 609 854 650 er
871 583 959 650 hisce
974 583 1076 648 verbis
1093 586 1153 650 sub
1172 586 1284 651 finem:

289 705 351 785 ἐγὼ
387 705 620 788 ὂὲ-παύσομαι
657 711 698 789 τῇ
735 707 888 789 ῥητορικῇ
917 700 1286 788 ἐπιπολάζων-μᾶλλον

288 825 322 890 δὲ
342 823 405 907 ἤδη
425 823 596 905 πέπαυμαι
615 823 635 885 ¹.

331 940 468 1004 Simulat
502 938 603 1026 igitur
624 937 803 1015 lucianus,
833 937 1056 1003 consiliumne
1081 938 1156 1003 dare
1178 938 1287 1004 adole-

289 1059 391 1126 scenti
414 1059 454 1123 de
478 1059 597 1142 optima
619 1057 760 1136 ratione,
787 1078 851 1143 qua
871 1055 924 1122 hic
950 1055 1086 1122 rhetoris
1111 1057 1220 1123 sibiet
1239 1081 1289 1122 so-

288 1176 414 1262 phistae
435 1198 552 1241 nomen
582 1186 826 1260 comparaturus
855 1184 945 1239 esset.
981 1174 1105 1243 Cebetis
1132 1176 1289 1241 Socratici

289 1289 411 1361 instar²
445 1295 620 1384 imaginem
643 1293 787 1381 effingit,
815 1314 899 1380 quae
929 1292 1008 1357 duas
1037 1292 1175 1357 ostendit
1203 1294 1289 1371 vias,

288 1424 458 1499 utramque
493 1412 533 1478 ad
567 1411 762 1477 rhetoricam
791 1411 976 1478 ducentem.
1016 1411 1162 1493 Quarum
1191 1411 1291 1476 altera

288 1534 385 1620 longa
416 1544 463 1598 est
484 1544 516 1596 et
541 1531 642 1596 ardua
668 1543 698 1595 et
722 1532 819 1615 plena
843 1530 988 1610 sudoris,
1015 1530 1128 1596 similis
1156 1531 1292 1596 maxime

287 1649 395 1728 illius,
414 1670 512 1734 quam
532 1648 713 1736 designavit
733 1647 891 1711 Hesiodus
913 1645 943 1727 ³;
965 1647 1066 1713 alterat
1084 1659 1196 1713 contra
1211 1647 1291 1711 nihil

290 1767 469 1852 quidquam
500 1774 606 1849 potest
630 1763 809 1847 jucundius
841 1765 978 1851 cogitari
1003 1776 1059 1831 aut
1081 1765 1183 1852 magis
1203 1787 1288 1830 com-

287 1885 477 1971 pendiosum
497 1889 519 1949 l.
544 1882 706 1965 Hujusce,
732 1903 848 1969 nempe
872 1884 969 1949 unice
992 1885 1188 1970 expetendae
1201 1886 1289 1966 viae,

289 2015 358 2067 tum
377 2001 471 2065 multi
489 2000 545 2063 alii
562 2000 660 2065 duces
683 2014 776 2086 sunt,
795 2012 863 2066 tum
885 2002 1057 2090 magnifica
1071 2002 1108 2066 fit
1125 2022 1292 2066 commen-

290 2118 376 2184 datio
389 2142 405 2183 a
418 2117 558 2203 quodam
577 2138 680 2201 paene
699 2117 808 2181 divino
825 2116 972 2198 homine,
988 2119 1044 2204 qui
1063 2119 1291 2203 praecaeteris

290 2236 419 2324 egregie
443 2236 478 2299 in
499 2257 536 2301 ea
561 2246 700 2300 versatus
724 2246 771 2298 est
791 2234 813 2301 ⁵.
843 2238 1040 2320 Praecepta,
1062 2257 1146 2322 quae
1170 2237 1289 2302 abillo

289 2356 438 2418 seruntur
457 2351 523 2418 huc
544 2355 680 2420 maxime
700 2353 847 2419 redeunt.

286 2505 572 2517 b......‚-..--.---·-—..

324 2578 335 2606 ¹
355 2581 424 2631 Rhet.
441 2581 520 2629 Praeo.
532 2599 553 2629 c.
565 2581 609 2644 26,
621 2584 654 2630 ita
665 2585 715 2646 jam
730 2583 839 2646 Solsnus,
853 2584 893 2633 ad.
905 2585 923 2630 1.
931 2591 954 2630 et
966 2583 1082 2647 llanlrius,
1097 2585 1182 2632 Pollux
1194 2593 1218 2630 et
1231 2585 1288 2632 Luc.

289 2681 312 2726 p.
320 2661 360 2710 26:
378 2665 509 2725 ascriptum
523 2681 571 2712 esse
586 2681 661 2728 qaam
675 2665 924 2728 qscodroys'ntosara
938 2681 1021 2715 anuos
1033 2673 1113 2714 notua
1122 2673 1221 2723 assaltu
1236 2683 1292 2716 con-

287 2749 363 2798 ciliari
375 2758 451 2796 tamen
467 2767 518 2798 cum
531 2750 555 2797 h.
573 2751 688 2800 sententis
702 2767 750 2798 non
763 2751 836 2812 possit
849 2752 923 2798 altera
935 2750 1013 2799 llank.
1029 2751 1088 2801 ibid.
1102 2766 1125 2811 p.
1138 2749 1185 2798 36:
1195 2752 1290 2800 «Scri-

288 2840 362 2897 ptum
375 2848 432 2880 esse
445 2833 579 2881 Commodo
593 2839 729 2896 raynonis,
739 2844 860 2896 postquam
867 2844 973 2898 suggestu
979 2834 1094 2884 rhetorico
1100 2835 1187 2883 Pollux
1194 2845 1289 2882 ornatus

286 2927 384 2978 esset»,
401 2917 455 2978 quia
463 2917 496 2965 its
504 2919 596 2980 quidem
610 2919 726 2966 Lucienus
740 2928 808 2966 natus
819 2928 879 2967 esset
891 2928 942 2979 post
955 2936 1040 2966 anuum
1054 2918 1104 2968 140
1115 2935 1138 2980 p.
1151 2917 1205 2967 Chr.
1221 2927 1289 2980 atque

288 3011 369 3066 qnater
383 3001 509 3064 Olyrnpicis
521 3004 583 3051 ludis
601 3003 742 3052 interfuisset
760 3013 784 3051 et
804 3004 890 3052 librum
902 3005 930 3051 de
945 3004 1005 3052 uisa.
1021 3005 1140 3052 Conscrih.
1151 3004 1285 3066 scripsisset,

287 3097 410 3147 antequam
431 3104 517 3134 annum
533 3089 615 3135 aetatis
627 3089 734 3150 quintum
746 3098 769 3136 et
780 3089 914 3138 vicesimum
926 3089 1071 3150 explevisset.
1087 3088 1199 3136 Nimirum
1206 3097 1286 3136 notum

290 3178 341 3230 est,
358 3169 412 3217 huc.
427 3169 452 3216 in
465 3170 525 3216 libro
539 3171 566 3217 de
582 3171 749 3234 IIort.Peregr.
763 3188 784 3219 e.
799 3170 841 3235 35,
856 3174 977 3221 tradidisse
996 3182 1078 3234 quarto
1091 3181 1141 3220 turn
1161 3188 1185 3219 se
1203 3173 1287 3220 vidisse

291 3253 384 3315 Olymp.
401 3269 472 3314 qaum
486 3253 621 3316 Peregrinus
628 3272 652 3302 se
664 3257 689 3303 in
702 3272 782 3319 rogum
793 3257 913 3318 dejicerem
928 3256 952 3303 id
963 3257 1025 3318 quod
1037 3257 1159 3318 Eusebius,
1167 3256 1192 3302 in
1201 3257 1286 3304 Chron.

289 3337 380 3385 notavit
396 3338 425 3384 ad
445 3336 536 3399 Olymp.
555 3335 605 3385 236
625 3357 638 3386 a
657 3339 687 3396 l,
711 3357 733 3402 p.
748 3339 802 3388 Chr.
824 3359 845 3387 a.
867 3341 922 3389 Ens.
938 3339 1001 3398 166,
1022 3341 1070 3388 sive
1090 3343 1207 3403 vulgarem
1224 3340 1286 3400 165,

289 3423 362 3484 (conf.
382 3421 473 3484 scalig,
492 3422 607 3471 animadv.
628 3424 658 3471 ad
674 3425 808 3488 hieronymi
828 3442 888 3474 vers.
910 3425 959 3474 Lat.
974 3442 997 3486 p.
1014 3423 1085 3492 202.)
1099 3425 1192 3475 Librum
1206 3436 1282 3475 sutem

288 3506 317 3552 de
331 3505 390 3554 llist.
415 3506 507 3554 Conscr.
526 3507 618 3568 scripsit
637 3509 679 3556 suh
700 3511 786 3557 exitum
806 3510 865 3558 belli
885 3510 1001 3574 Parthici,
1017 3510 1034 3558 i.
1051 3527 1073 3564 e.
1089 3511 1144 3559 circ.
1158 3529 1180 3559 a.
1199 3507 1248 3560 165
1260 3530 1284 3572 p.

291 3591 344 3641 cur.
359 3593 424 3640 Conl.
435 3609 456 3639 c.
470 3589 516 3649 30,
534 3589 579 3652 31,
594 3603 616 3640 ct
629 3593 682 3641 Car.
697 3594 763 3646 Fred.
781 3595 906 3643 Hermann.
921 3596 946 3643 in
964 3597 1036 3656 prael.
1051 3596 1079 3643 ad
1097 3595 1179 3658 singul.
1193 3595 1218 3643 h.
1232 3597 1288 3644 libri

293 3675 354 3722 Edit.
373 3673 451 3736 1828,
475 3693 498 3736 p.
519 3675 595 3742 XIII,
612 3677 804 3728 xvst-Prior
826 3690 901 3730 autem
917 3680 1030 3728 sententis
1046 3689 1137 3740 propter
1152 3679 1223 3739 ipsius
1235 3681 1288 3727 huc.

290 3762 360 3809 rerba
373 3762 459 3808 tuenda
474 3762 574 3810 ridetur.

327 3855 337 3881 ²
357 3854 403 3902 Rh.
422 3855 459 3903 Pr.
479 3874 500 3904 c.
518 3854 543 3905 6.

326 3956 337 3987 ³
357 3951 417 3999 thid.
435 3971 455 3999 c·
474 3952 503 4008 3,
524 3955 554 4016 7,
573 3955 597 4004 8.

323 4041 337 4076 ⁴
355 4048 415 4097 thiu.

322 4145 332 4178 ⁵
352 4145 412 4194 Ibid.
431 4163 451 4193 a.
471 4145 511 4195 ll.
