3160 5018
774 422 813 488 48

289 622 421 696 itionem
430 619 561 694 „reterre
572 615 712 699 ..titltlttt
721 639 745 697 t
762 610 1286 713 ,penten'aegregiae-osonio-

289 740 487 828 &lifi99l.t..„„

334 855 477 922 Strictim
513 864 618 918 temen
656 851 717 914 boc
750 849 822 913 loco
857 848 1053 928 notandum,
1086 871 1103 912 a
1142 850 1289 935 pluribus

289 971 482 1050 existimari,
508 988 619 1034 eume
645 969 748 1032 multo
769 966 900 1052 juniore
922 966 1077 1051 scriptum
1097 990 1163 1032 esse
1184 967 1206 1033 ¹.
1230 969 1287 1034 Cui

290 1091 467 1159 sententiae
487 1088 666 1173 speciosum
684 1085 842 1170 inprimis
858 1095 1084 1171 argumentum
1103 1108 1141 1150 ex
1153 1087 1289 1150 Hermo-

293 1214 369 1276 timo
392 1209 566 1274 derivetur.
599 1206 759 1269 Lucienus
782 1205 816 1267 in
841 1225 878 1268 eo
912 1203 1061 1289 dialogo,
1086 1223 1183 1288 quem
1210 1225 1290 1290 qua·

293 1327 503 1416 dragenarius
522 1326 649 1409 scripsit
660 1329 682 1402 ²,
698 1322 777 1388 dicit
789 1322 976 1411 quindecim
988 1322 1056 1386 fere
1074 1343 1173 1388 annos
1187 1345 1254 1387 esse
1265 1325 1289 1400 ³,

292 1467 393 1534 quum
425 1464 532 1508 senem
556 1439 726 1527 quemdam
749 1439 877 1504 audiret
904 1451 1117 1525 exponentem
1138 1439 1290 1526 quemad-

292 1561 423 1627 modum
441 1581 473 1624 se
489 1580 540 1622 res
554 1555 712 1621 haberent
730 1555 763 1620 in
776 1554 998 1640 philosophiae
1018 1557 1160 1636 civitate;
1175 1557 1289 1622 ducem

293 1676 425 1765 quidem
451 1672 538 1738 hunc
569 1695 677 1762 senem
708 1694 741 1736 se
763 1673 934 1752 obtulisse,
959 1674 1017 1759 qui
1043 1674 1165 1740 civibus
1184 1675 1289 1760 ipsuru

293 1799 448 1864 advenam
468 1793 689 1879 adscripturus
708 1805 811 1886 esset,
837 1815 870 1856 so
892 1815 967 1857 vero
987 1815 1064 1878 prae
1082 1792 1220 1878 juvenili
1241 1796 1291 1859 in-

294 1916 384 1980 scitie
405 1914 433 1978 ei
454 1935 519 1976 non
539 1911 784 1996 obtemperasse.
809 1910 935 1994 Nigrini
954 1921 1062 1976 autem
1080 1913 1290 1992 sermonibus,

293 2037 414 2100 Rornae
439 2032 570 2119 degenti
587 2027 822 2115 philosophiam
842 2029 1156 2112 commendantibus,
1182 2044 1213 2097 et
1231 2035 1293 2098 Ru·

294 2173 463 2218 menorum
489 2171 594 2213 mores
619 2147 931 2233 perstringentibus,
955 2148 999 2213 ita
1030 2149 1173 2214 animum
1198 2173 1290 2216 suum

293 2270 445 2333 ellectum
464 2287 531 2330 esse
546 2262 644 2341 dicit,
658 2273 695 2326 ut
717 2264 809 2351 quasi
829 2286 866 2328 cx
884 2264 1053 2332 tenebroso
1064 2267 1292 2352 quodamaere

293 2387 334 2452 ad
356 2404 507 2474 magnam
528 2382 636 2445 lucem
657 2380 831 2465 respiceret
848 2379 873 2444 ⁴.
896 2381 1001 2468 Igitur
1020 2379 1074 2447 hio
1095 2385 1290 2473 Nigrinusin

293 2504 488 2572 Hermotimo
504 2500 714 2586 significetur.
739 2497 841 2584 Hujus
851 2512 1022 2587 praecepta
1035 2502 1193 2570 Lucienus
1214 2527 1291 2572 con-

295 2627 386 2690 tinuo
404 2622 580 2689 admiratus
598 2620 652 2685 sed
676 2630 785 2705 postea
806 2641 870 2685 non
890 2632 1018 2686 secutus
1039 2623 1154 2705 fuerit,
1174 2638 1206 2691 et
1226 2626 1291 2692 dia-

294 2741 387 2827 logus
413 2738 482 2824 ejus
508 2736 647 2805 nominis
674 2738 789 2822 quinto
808 2748 840 2801 ot
860 2739 1010 2804 vicesimo
1034 2742 1145 2806 aetatis
1166 2765 1290 2810 annua

293 2858 436 2923 Lucieno
464 2855 602 2939 scriptus
624 2853 683 2932 sit,
710 2874 812 2938 quum
839 2855 874 2918 in
894 2855 1021 2920 ltaliam
1043 2857 1229 2945 migrasset,
1255 2875 1291 2926 ut

294 2974 473 3061 sophisticis
491 2971 779 3037 declamationibus
798 2984 967 3056 quaestum
986 2973 1108 3041 faceret
1119 2977 1145 3044 ⁸.
1169 2979 1289 3047 Verum

290 3092 464 3179 primum,
475 3099 512 3154 ut
525 3087 592 3172 jam
609 3088 752 3174 potuerit
767 3109 806 3151 ea
823 3101 927 3155 aetate
945 3102 1010 3155 mm
1027 3092 1179 3160 eximium
1194 3119 1289 3184 opus—

292 3208 403 3273 culum
424 3206 587 3285 seribere,
606 3205 799 3272 incredibile
813 3218 920 3273 temen
940 3209 997 3290 sit,
1013 3209 1166 3295 juvenem
1181 3215 1288 3282 decla-

292 3334 447 3390 matorem
481 3323 522 3390 ab
556 3323 761 3390 acerbissima
790 3326 932 3411 ipsorum
966 3327 1125 3397 derisione
1160 3334 1287 3399 initium

534 3519 595 3531 ³-

326 3627 336 3662 1
356 3629 473 3687 solanus,
486 3629 514 3676 ad
532 3630 576 3678 lib.
589 3632 656 3685 intur
678 3631 804 3682 llemrann.
820 3633 882 3697 nug.
898 3634 990 3684 Subula.
1005 3637 1022 3683 l.
1035 3638 1068 3698 l.,
1088 3636 1112 3687 S.
1124 3632 1185 3696 soh
1201 3642 1288 3694 wear.

289 3716 317 3762 de
330 3711 386 3762 Luc.
398 3712 447 3760 vit.
462 3723 485 3760 et
497 3712 546 3763 Ser.
560 3731 584 3776 p.
592 3713 639 3774 36;
649 3713 779 3777 Schlosrer,
789 3717 894 3766 univers.
907 3717 1001 3770 llebers.
1011 3719 1139 3770 darGeseb.
1147 3723 1170 3772 d.
1180 3742 1200 3771 a.
1208 3726 1288 3778 Walt.

290 3794 601 3858 tn.111,t.1,s221.

326 3897 340 3928 2
356 3895 458 3946 llemot.
472 3913 491 3945 o.
506 3899 534 3946 de
545 3897 604 3947 Seot.
617 3915 637 3946 o.
652 3898 689 3948 13.

326 3992 337 4024 ³
362 3993 421 4043 lbid,
434 4013 454 4046 o.
468 3994 508 4046 2⁴.

324 4098 339 4134 4
358 4091 445 4157 lligrin.
461 4112 481 4143 e.
495 4099 524 4158 l,
539 4100 601 4150 coni.
620 4097 649 4160 l,
666 4097 690 4147 5·

326 4191 335 4220 5
358 4187 445 4236 went.
461 4193 478 4240 l.
494 4207 574 4241 comm.
592 4211 614 4254 p.
628 4192 661 4242 36
671 4232 677 4257 ,
689 4193 729 4244 37·

282 4355 333 4480 t·
381 4311 540 4430 tlt*
