3160 5018
775 421 811 480 ll

295 612 453 678 dominari
476 612 603 697 coepit,
622 632 723 698 quum
737 613 779 677 ab
798 612 931 698 antiquo
951 634 1007 678 suo
1026 613 1061 676 in
1080 611 1209 677 civitate
1227 633 1298 678 mu·

295 750 372 794 nere
402 728 590 815 eloquentia
609 742 729 796 remota
755 731 791 795 in
810 731 923 795 insulis
948 740 980 795 et
994 730 1069 796 Asia
1092 751 1125 796 se
1146 732 1298 798 totamad

295 847 411 913 tastum
435 858 467 912 et
482 846 729 914 delectationem
748 849 987 936 composuisset.

340 966 574 1049 Imperatorum
602 977 709 1031 eutem
738 978 862 1046 aetate,
889 965 1026 1032 maxime
1048 965 1164 1032 iudea
1186 965 1300 1032 Nicete
1332 938 1387 1014 ‘l-

296 1084 491 1196 Smppnaeo,
517 1080 744 1148 scholasticum
761 1083 913 1148 orationis
938 1105 1041 1171 genus
1062 1083 1102 1148 ad
1120 1049 1299 1149 inauditam

295 1200 391 1284 plane
423 1200 643 1266 celebritatem
669 1213 701 1268 ct
727 1202 822 1266 simul
846 1201 886 1266 ad
913 1222 1028 1267 novam
1058 1201 1214 1266 rationem
1240 1224 1299 1265 ex-

294 1320 451 1405 plicatum
466 1332 533 1401 cst,
556 1343 614 1408 per
634 1323 782 1408 publicas
804 1343 964 1403 aeroases,
985 1322 1154 1409 inquibus
1170 1322 1210 1387 de
1226 1321 1300 1387 nul-

294 1438 334 1503 lis
364 1462 429 1506 non
454 1442 568 1520 rebus,
604 1463 679 1506 oum
705 1441 876 1522 moditate,
905 1453 974 1506 tum
1005 1441 1039 1505 in
1060 1441 1173 1527 primis
1191 1439 1299 1506 subito

294 1559 473 1628 dicebatur.
499 1562 569 1627 lem
586 1559 717 1626 dicendi
731 1563 891 1649 magistri,
911 1562 969 1649 qui
990 1563 1084 1627 istam
1101 1572 1202 1626 artem
1222 1582 1298 1645 pro-

294 1679 491 1757 fitebantur,
520 1676 678 1763 sophistae
707 1678 787 1744 dicti
811 1680 957 1756 luerunt.
991 1681 1063 1762 Quo
1084 1690 1227 1764 tempore
1253 1678 1297 1742 ita

294 1797 426 1864 dilatata
445 1797 509 1861 luit
532 1795 628 1881 hujus
647 1797 875 1882 appellationis
895 1796 962 1877 vis,
981 1808 1017 1861 ut
1034 1797 1244 1862 Philostratus
1262 1796 1298 1858 in

297 1914 484 1981 enarrandis
503 1914 575 1979 sitis
599 1912 850 2004 Sophietaram
874 1935 939 1979 non
963 1912 1158 1979 dubitaverit
1175 1915 1297 1978 Isocra·

293 2045 358 2097 tem
384 2044 482 2119 atque
504 2030 697 2098 Aeschinem
718 2033 863 2118 aliosque
898 2033 1048 2119 antiquos
1080 2030 1236 2096 rhetores
1262 2030 1296 2093 in

294 2171 406 2215 eorum
436 2173 566 2216 censore
599 2167 777 2215 numero1.
830 2151 868 2214 Et
897 2172 998 2238 quum
1023 2149 1091 2236 jam
1118 2148 1298 2235 antiquitus

293 2267 428 2334 rhetoris
445 2279 476 2334 et
491 2266 651 2354 sophistae
675 2269 805 2335 nomina
831 2268 988 2334 conlundi
1010 2269 1150 2334 solerent
1169 2267 1204 2346 ²,
1230 2265 1294 2329 Lu·

292 2387 379 2453 ciani
397 2386 530 2475 quidem
555 2399 658 2454 aetate
682 2386 866 2472 saepissime
892 2386 1007 2451 iisdem
1036 2384 1221 2450 hominibus
1238 2381 1292 2447 tri-

291 2505 369 2571 buta
399 2507 532 2570 fuorunt
552 2509 575 2570 ³.
606 2506 761 2572 Universa
790 2516 896 2571 umen
922 2504 963 2570 ad
996 2504 1159 2569 notionem
1182 2521 1295 2566 reeen-

332 2716 342 2745 ¹
364 2719 456 2768 Videat.
476 2719 548 2783 hujus
561 2719 595 2767 rei
608 2720 755 2782 reprehensio
774 2719 798 2768 iu
813 2719 888 2768 Geelii
907 2719 967 2771 llist.
984 2721 1041 2768 crit.
1055 2719 1124 2780 Soph.
1139 2735 1161 2779 p.
1176 2717 1205 2774 83
1224 2717 1250 2765 C.
1265 2717 1292 2766 l..

294 2802 402 2865 Kayser,
423 2803 525 2852 Praelat.
547 2804 572 2851 iu
585 2805 647 2853 Edit.
662 2805 772 2854 Philostr.
787 2822 810 2867 p.
824 2803 922 2853 XXXV.
947 2805 1142 2868 Quemadmodum
1156 2804 1184 2850 de
1198 2802 1295 2863 antiqua

291 2887 416 2948 sophistica
427 2889 478 2951 jam
493 2887 631 2951 Protagoras
646 2888 692 2955 (ap.
708 2891 770 2938 Plat.
785 2907 808 2950 p.
822 2888 881 2946 316,
899 2888 954 2954 ll.):
969 2888 1019 2953 tyb
1036 2887 1069 2939 δὲ
1081 2891 1134 2955 τὴν
1143 2889 1296 2953 σοφιστικὴν

291 2970 390 3038 τέχνην
412 2971 481 3039 φημὶ
499 2968 547 3032 μὲν
565 2962 785 3035 adsectationis,
805 2975 837 3022 ita
849 2975 1005 3024 Philostratus
1023 2976 1059 3037 (in
1073 2978 1175 3037 prooem.
1189 2974 1240 3022 Vir.
1255 2973 1297 3021 So·

291 3055 361 3114 phist.
378 3055 457 3106 Olear.
479 3071 503 3117 p.
519 3054 590 3122 481.)
612 3059 640 3105 de
657 3060 730 3106 altera
747 3058 886 3120 sophistica:
899 3057 933 3122 ἣν
944 3057 1010 3124 οὐχὶ
1023 3057 1101 3119 νέαν,
1115 3055 1218 3125 ἀρχαία
1229 3057 1296 3126 γὰρ,

292 3136 426 3205 δευτέραν
445 3135 477 3187 δὲ
496 3138 598 3199 μᾶλλον
617 3141 786 3208 προςρητέον.
806 3142 879 3205 Quam
895 3142 965 3204 igitur
978 3142 1008 3188 ab
1020 3139 1136 3189 Aeschine
1149 3138 1295 3201 repetit,et·

292 3221 313 3268 si
327 3229 380 3282 post
393 3235 444 3267 eum
459 3223 573 3272 neminem
585 3234 697 3272 memorat
711 3234 766 3272 ante
779 3225 876 3273 Niceten
891 3225 1042 3288 Smyrnaeum
1055 3223 1108 3291 (sub
1119 3225 1187 3272 linem
1202 3240 1262 3272 saec.
1271 3223 1293 3272 l.

294 3321 319 3364 p.
336 3303 412 3366 Chr).
431 3301 542 3354 Nimirum
563 3308 677 3355 recentior
697 3309 792 3356 omnino
809 3310 909 3358 neminis
924 3310 1061 3372 significatio
1078 3311 1108 3358 ad
1124 3309 1221 3370 antiqua
1235 3317 1294 3356 tem-

292 3403 347 3446 pora
358 3386 480 3434 transferri
494 3389 591 3440 solebat.
611 3389 648 3437 lta
660 3391 782 3451 apudhel.
793 3393 930 3453 Aristidem,
947 3393 1000 3458 (Ed.
1015 3393 1087 3450 erb,
1104 3392 1130 3440 T.
1147 3395 1175 3454 l,
1190 3409 1212 3454 p.
1221 3390 1292 3458 517.)

290 3471 427 3521 Isocrates
441 3473 525 3521 dicitur
538 3473 582 3529 τὶς
596 3472 651 3523 τῶν
661 3472 805 3538 ἐλλογίμων
818 3475 931 3525 καὶτῶν
943 3473 1068 3525 παλαιῶν
1081 3473 1217 3535 σοφιστῶν.

326 3563 338 3602 ²
356 3570 409 3618 Vid.
428 3570 489 3621 Plat.
506 3571 576 3634 Gorg.
590 3587 612 3632 p.
625 3569 693 3635 465,
711 3572 738 3623 C.
753 3573 810 3620 coll.
825 3590 848 3634 p.
862 3572 921 3636 520,
935 3577 964 3625 Α.

327 3657 339 3690 ³
359 3654 414 3703 Vid.
436 3653 532 3704 L'ucian.
557 3654 626 3707 Rhea.
652 3655 732 3708 Praee.
754 3675 775 3711 ο,
801 3651 980 3726 1.Ἐρωτᾷς,
1003 3653 1023 3705 el
1050 3655 1198 3726 μειράκιον,
1224 3654 1295 3714 ὅπως

291 3733 326 3784 ἄν
344 3733 453 3807 ῥήτωρ
469 3739 582 3803 γένοιο
605 3739 653 3789 καὶ
669 3740 701 3790 τὸ
716 3740 882 3802 σεμνότατον
901 3743 985 3792 τοῦτο
1004 3741 1051 3791 καὶ
1065 3741 1196 3802 πάντιμον
1208 3736 1292 3800 ὄνομα

290 3821 451 3884 σοφιστὴς
480 3821 586 3881 αὐτὸς
616 3811 707 3874 εἶναι
742 3825 868 3883 δόξαις.
892 3828 959 3876 Geni.
989 3825 1034 3874 lib.
1056 3827 1137 3875 Praec.
1158 3841 1179 3873 c.
1200 3821 1247 3886 25,
1266 3834 1289 3872 et

290 3902 410 3963 epaphras
424 3921 443 3952 s.
460 3907 569 3956 Pseudol.
588 3925 607 3956 ο.
626 3908 671 3970 19,
686 3909 736 3958 νῦν
759 3907 846 3979 ῥήτωρ
861 3912 908 3960 καὶ
929 3912 1058 3975 σοφιστής.
1081 3912 1133 3973 lpse
1152 3920 1198 3960 tam
1215 3912 1292 3973 sophi-

289 3998 338 4036 stae
346 4003 416 4049 quam
423 3988 523 4039 rhetoris
531 3993 624 4041 nomine
631 4010 654 4040 se
662 3995 788 4055 appellarit
796 4032 802 4056 ‚
811 3999 872 4044 conl.
882 3997 928 4045 Pro
936 3996 1004 4044 llere.
1014 3995 1088 4043 Cond.
1096 4011 1118 4044 c.
1130 3995 1236 4060 tomen.
1246 3997 1285 4044 llis

291 4074 348 4120 Ace.
358 4089 378 4120 ο.
388 4070 431 4138 27)
446 4085 470 4122 et
482 4074 521 4124 llis
537 4078 592 4126 Ace·
603 4094 622 4130 c.
634 4078 674 4127 14.
693 4079 726 4127 lle
740 4081 862 4144 utriusque
875 4081 976 4128 nominis
985 4079 1148 4142 distinetione,
1161 4081 1208 4129 sid.
1219 4082 1288 4130 l'oss.

290 4157 316 4202 de
331 4154 375 4203 lllr.
393 4155 445 4206 llat.
462 4167 484 4207 et
501 4158 580 4210 Cenat·
595 4178 616 4225 p.
632 4161 689 4220 3l'l;
710 4165 809 4218 Cresoll.
826 4165 906 4215 Theat.
923 4166 976 4213 l'rt.
992 4164 1037 4213 llh.
1053 4181 1075 4227 p.
1095 4163 1134 4215 18.
