<?xml version="1.0" encoding="UTF-8"?>
<!DOCTYPE html PUBLIC "-//W3C//DTD XHTML 1.0 Transitional//EN"
    "http://www.w3.org/TR/xhtml1/DTD/xhtml1-transitional.dtd">
<html xmlns="http://www.w3.org/1999/xhtml" xml:lang="en" lang="en">
 <head>
  <title>
</title>
<meta http-equiv="Content-Type" content="text/html;charset=utf-8" />
  <meta name='ocr-system' content='tesseract 3.04.00' />
  <meta name='ocr-capabilities' content='ocr_page ocr_carea ocr_par ocr_line ocrx_word'/>
</head>
<body>
  <div class='ocr_page' id='page_1' title='image "./dissertatiolite00meesgoog_0065.png"; bbox 0 0 3160 5018; ppageno 0'>
   <div class='ocr_carea' id='block_1_1' title="bbox 781 439 822 499">
    <p class='ocr_par' dir='ltr' id='par_1_1' title="bbox 781 439 822 499">
     <span class='ocr_line' id='line_1_1' title="bbox 781 439 822 499; baseline -0.024 0"><span class='ocrx_word' id='word_1_1' title='bbox 781 439 822 499; x_wconf 89' lang='grc'><strong>50</strong></span> 
     </span>
    </p>
   </div>
   <div class='ocr_carea' id='block_1_2' title="bbox 291 626 1300 2839">
    <p class='ocr_par' dir='ltr' id='par_1_2' title="bbox 295 626 1300 1877">
     <span class='ocr_line' id='line_1_2' title="bbox 346 626 1300 716; baseline 0.002 -22"><span class='ocrx_word' id='word_1_2' title='bbox 346 627 505 706; x_wconf 87' lang='lat' dir='ltr'><strong>Omnino,</strong></span> <span class='ocrx_word' id='word_1_3' title='bbox 527 626 615 713; x_wconf 91' lang='lat' dir='ltr'><strong>quod</strong></span> <span class='ocrx_word' id='word_1_4' title='bbox 637 627 760 714; x_wconf 82' lang='lat' dir='ltr'><strong>alioqui</strong></span> <span class='ocrx_word' id='word_1_5' title='bbox 779 628 968 716; x_wconf 90' lang='lat' dir='ltr'><strong>neutiquam</strong></span> <span class='ocrx_word' id='word_1_6' title='bbox 983 629 1197 713; x_wconf 77' lang='lat' dir='ltr'><strong>improbabile</strong></span> <span class='ocrx_word' id='word_1_7' title='bbox 1215 646 1300 712; x_wconf 85' lang='lat' dir='ltr'><strong>erat,</strong></span> 
     </span>
     <span class='ocr_line' id='line_1_3' title="bbox 300 743 1299 834; baseline 0.004 -24"><span class='ocrx_word' id='word_1_8' title='bbox 300 771 318 810; x_wconf 88' lang='lat' dir='ltr'><strong>a</strong></span> <span class='ocrx_word' id='word_1_9' title='bbox 340 747 501 834; x_wconf 76' lang='lat' dir='ltr'><strong>Lucieno,</strong></span> <span class='ocrx_word' id='word_1_10' title='bbox 513 743 653 831; x_wconf 87' lang='lat' dir='ltr'><strong>juvenili</strong></span> <span class='ocrx_word' id='word_1_11' title='bbox 671 757 793 825; x_wconf 87' lang='lat' dir='ltr'><strong>aetate,</strong></span> <span class='ocrx_word' id='word_1_12' title='bbox 818 746 946 812; x_wconf 87' lang='lat' dir='ltr'><strong>satirica</strong></span> <span class='ocrx_word' id='word_1_13' title='bbox 963 747 1058 811; x_wconf 89' lang='lat' dir='ltr'><strong>etiam</strong></span> <span class='ocrx_word' id='word_1_14' title='bbox 1075 749 1194 834; x_wconf 88' lang='lat' dir='ltr'><strong>scripta</strong></span> <span class='ocrx_word' id='word_1_15' title='bbox 1213 771 1299 816; x_wconf 87' lang='lat' dir='ltr'><strong>com·</strong></span> 
     </span>
     <span class='ocr_line' id='line_1_4' title="bbox 299 865 1298 953; baseline 0.005 -23"><span class='ocrx_word' id='word_1_16' title='bbox 299 865 402 950; x_wconf 91' lang='lat' dir='ltr'><strong>posita</strong></span> <span class='ocrx_word' id='word_1_17' title='bbox 426 865 543 944; x_wconf 84' lang='lat' dir='ltr'><strong>fuisse,</strong></span> <span class='ocrx_word' id='word_1_18' title='bbox 565 865 598 928; x_wconf 93' lang='lat' dir='ltr'><strong>id</strong></span> <span class='ocrx_word' id='word_1_19' title='bbox 619 865 788 950; x_wconf 88' lang='lat' dir='ltr'><strong>quideme</strong></span> <span class='ocrx_word' id='word_1_20' title='bbox 809 865 940 929; x_wconf 86' lang='lat' dir='ltr'><strong>servatis</strong></span> <span class='ocrx_word' id='word_1_21' title='bbox 965 865 1034 950; x_wconf 87' lang='lat' dir='ltr'><strong>ejus</strong></span> <span class='ocrx_word' id='word_1_22' title='bbox 1058 868 1209 953; x_wconf 88' lang='lat' dir='ltr'><strong>operibus</strong></span> <span class='ocrx_word' id='word_1_23' title='bbox 1235 892 1298 935; x_wconf 93' lang='lat' dir='ltr'><strong>non</strong></span> 
     </span>
     <span class='ocr_line' id='line_1_5' title="bbox 299 983 1298 1072; baseline 0.006 -26"><span class='ocrx_word' id='word_1_24' title='bbox 299 983 531 1069; x_wconf 83' lang='lat' dir='ltr'><strong>comperimus,</strong></span> <span class='ocrx_word' id='word_1_25' title='bbox 558 993 656 1069; x_wconf 88' lang='lat' dir='ltr'><strong>atque</strong></span> <span class='ocrx_word' id='word_1_26' title='bbox 676 1006 711 1048; x_wconf 86' lang='lat' dir='ltr'><strong>ea</strong></span> <span class='ocrx_word' id='word_1_27' title='bbox 733 984 839 1062; x_wconf 87' lang='lat' dir='ltr'><strong>etiam,</strong></span> <span class='ocrx_word' id='word_1_28' title='bbox 862 1005 957 1072; x_wconf 88' lang='lat' dir='ltr'><strong>quae,</strong></span> <span class='ocrx_word' id='word_1_29' title='bbox 978 995 1014 1048; x_wconf 93' lang='lat' dir='ltr'><strong>ut</strong></span> <span class='ocrx_word' id='word_1_30' title='bbox 1034 987 1223 1071; x_wconf 83' lang='lat' dir='ltr'><strong>Navigium,</strong></span> <span class='ocrx_word' id='word_1_31' title='bbox 1246 989 1298 1052; x_wconf 85' lang='lat' dir='ltr'><strong>Sa-</strong></span> 
     </span>
     <span class='ocr_line' id='line_1_6' title="bbox 298 1101 1300 1192; baseline 0.003 -27"><span class='ocrx_word' id='word_1_32' title='bbox 298 1101 454 1180; x_wconf 88' lang='lat' dir='ltr'><strong>turnalia,</strong></span> <span class='ocrx_word' id='word_1_33' title='bbox 479 1101 657 1179; x_wconf 87' lang='lat' dir='ltr'><strong>Parasitus,</strong></span> <span class='ocrx_word' id='word_1_34' title='bbox 673 1101 823 1165; x_wconf 85' lang='lat' dir='ltr'><strong>&#39;Deorum</strong></span> <span class='ocrx_word' id='word_1_35' title='bbox 854 1111 886 1165; x_wconf 88' lang='lat' dir='ltr'><strong>et</strong></span> <span class='ocrx_word' id='word_1_36' title='bbox 911 1102 1128 1166; x_wconf 86' lang='lat' dir='ltr'><strong>Meretricium</strong></span> <span class='ocrx_word' id='word_1_37' title='bbox 1158 1104 1300 1192; x_wconf 80' lang='lat' dir='ltr'><strong>dialogi,</strong></span> 
     </span>
     <span class='ocr_line' id='line_1_7' title="bbox 298 1219 1298 1305; baseline 0.003 -23"><span class='ocrx_word' id='word_1_38' title='bbox 298 1230 430 1304; x_wconf 88' lang='lat' dir='ltr'><strong>propter</strong></span> <span class='ocrx_word' id='word_1_39' title='bbox 453 1219 617 1283; x_wconf 80' lang='lat' dir='ltr'><strong>mitiorem</strong></span> <span class='ocrx_word' id='word_1_40' title='bbox 641 1220 832 1284; x_wconf 90' lang='lat' dir='ltr'><strong>sententiam</strong></span> <span class='ocrx_word' id='word_1_41' title='bbox 853 1220 901 1283; x_wconf 89' lang='lat' dir='ltr'><strong>vel</strong></span> <span class='ocrx_word' id='word_1_42' title='bbox 924 1220 1077 1284; x_wconf 87' lang='lat' dir='ltr'><strong>leviorem</strong></span> <span class='ocrx_word' id='word_1_43' title='bbox 1095 1221 1208 1305; x_wconf 86' lang='lat' dir='ltr'><strong>jocum</strong></span> <span class='ocrx_word' id='word_1_44' title='bbox 1225 1225 1298 1288; x_wconf 91' lang='lat' dir='ltr'><strong>reli-</strong></span> 
     </span>
     <span class='ocr_line' id='line_1_8' title="bbox 298 1335 1299 1425; baseline 0.009 -28"><span class='ocrx_word' id='word_1_45' title='bbox 298 1335 370 1425; x_wconf 92' lang='lat' dir='ltr'><strong>quis</strong></span> <span class='ocrx_word' id='word_1_46' title='bbox 394 1335 503 1420; x_wconf 86' lang='lat' dir='ltr'><strong>priora</strong></span> <span class='ocrx_word' id='word_1_47' title='bbox 533 1335 631 1400; x_wconf 88' lang='lat' dir='ltr'><strong>luisse</strong></span> <span class='ocrx_word' id='word_1_48' title='bbox 652 1335 755 1400; x_wconf 83' lang='lat' dir='ltr'><strong>rideri</strong></span> <span class='ocrx_word' id='word_1_49' title='bbox 784 1348 954 1421; x_wconf 85' lang='lat' dir='ltr'><strong>poterant,</strong></span> <span class='ocrx_word' id='word_1_50' title='bbox 979 1350 1086 1402; x_wconf 83' lang='lat' dir='ltr'><strong>tomen</strong></span> <span class='ocrx_word' id='word_1_51' title='bbox 1114 1341 1155 1405; x_wconf 90' lang='lat' dir='ltr'><strong>ab</strong></span> <span class='ocrx_word' id='word_1_52' title='bbox 1179 1342 1299 1406; x_wconf 86' lang='lat' dir='ltr'><strong>otiante</strong></span> 
     </span>
     <span class='ocr_line' id='line_1_9' title="bbox 296 1451 1297 1540; baseline 0.006 -25"><span class='ocrx_word' id='word_1_53' title='bbox 296 1451 441 1536; x_wconf 83' lang='lat' dir='ltr'><strong>prolecta</strong></span> <span class='ocrx_word' id='word_1_54' title='bbox 460 1473 527 1516; x_wconf 87' lang='lat' dir='ltr'><strong>esse</strong></span> <span class='ocrx_word' id='word_1_55' title='bbox 547 1463 699 1537; x_wconf 88' lang='lat' dir='ltr'><strong>apparet,</strong></span> <span class='ocrx_word' id='word_1_56' title='bbox 721 1453 839 1537; x_wconf 87' lang='lat' dir='ltr'><strong>partim</strong></span> <span class='ocrx_word' id='word_1_57' title='bbox 857 1455 929 1517; x_wconf 89' lang='lat' dir='ltr'><strong>aliis</strong></span> <span class='ocrx_word' id='word_1_58' title='bbox 948 1454 1096 1534; x_wconf 90' lang='lat' dir='ltr'><strong>indiciis,</strong></span> <span class='ocrx_word' id='word_1_59' title='bbox 1111 1458 1227 1540; x_wconf 89' lang='lat' dir='ltr'><strong>partim</strong></span> <span class='ocrx_word' id='word_1_60' title='bbox 1244 1477 1297 1521; x_wconf 87' lang='lat' dir='ltr'><strong>co-</strong></span> 
     </span>
     <span class='ocr_line' id='line_1_10' title="bbox 295 1571 1297 1662; baseline 0.008 -30"><span class='ocrx_word' id='word_1_61' title='bbox 295 1571 381 1636; x_wconf 86' lang='lat' dir='ltr'><strong>mico</strong></span> <span class='ocrx_word' id='word_1_62' title='bbox 404 1571 526 1659; x_wconf 83' lang='lat' dir='ltr'><strong>dialogi</strong></span> <span class='ocrx_word' id='word_1_63' title='bbox 548 1593 686 1658; x_wconf 87' lang='lat' dir='ltr'><strong>genere,</strong></span> <span class='ocrx_word' id='word_1_64' title='bbox 711 1572 745 1637; x_wconf 93' lang='lat' dir='ltr'><strong>in</strong></span> <span class='ocrx_word' id='word_1_65' title='bbox 768 1572 856 1662; x_wconf 92' lang='lat' dir='ltr'><strong>quod</strong></span> <span class='ocrx_word' id='word_1_66' title='bbox 878 1572 990 1638; x_wconf 73' lang='lat' dir='ltr'><strong>relicta</strong></span> <span class='ocrx_word' id='word_1_67' title='bbox 1017 1576 1156 1639; x_wconf 84' lang='lat' dir='ltr'><strong>oratoria</strong></span> <span class='ocrx_word' id='word_1_68' title='bbox 1175 1576 1297 1661; x_wconf 88' lang='lat' dir='ltr'><strong>proles-</strong></span> 
     </span>
     <span class='ocr_line' id='line_1_11' title="bbox 296 1690 1296 1774; baseline 0.005 -22"><span class='ocrx_word' id='word_1_69' title='bbox 296 1690 384 1754; x_wconf 87' lang='lat' dir='ltr'><strong>siona</strong></span> <span class='ocrx_word' id='word_1_70' title='bbox 403 1711 477 1755; x_wconf 88' lang='lat' dir='ltr'><strong>eum</strong></span> <span class='ocrx_word' id='word_1_71' title='bbox 495 1690 681 1755; x_wconf 82' lang='lat' dir='ltr'><strong>incubuisse</strong></span> <span class='ocrx_word' id='word_1_72' title='bbox 698 1691 799 1774; x_wconf 87' lang='lat' dir='ltr'><strong>ipsius</strong></span> <span class='ocrx_word' id='word_1_73' title='bbox 818 1693 853 1756; x_wconf 93' lang='lat' dir='ltr'><strong>in</strong></span> <span class='ocrx_word' id='word_1_74' title='bbox 868 1692 922 1756; x_wconf 92' lang='lat' dir='ltr'><strong>Bis</strong></span> <span class='ocrx_word' id='word_1_75' title='bbox 940 1692 1098 1757; x_wconf 82' lang='lat' dir='ltr'><strong>Accusata</strong></span> <span class='ocrx_word' id='word_1_76' title='bbox 1116 1694 1296 1758; x_wconf 87' lang='lat' dir='ltr'><strong>testimonio</strong></span> 
     </span>
     <span class='ocr_line' id='line_1_12' title="bbox 296 1821 431 1877; baseline 0.044 -6"><span class='ocrx_word' id='word_1_77' title='bbox 296 1821 431 1877; x_wconf 87' lang='lat' dir='ltr'><strong>constat.</strong></span> 
     </span>
    </p>

    <p class='ocr_par' dir='ltr' id='par_1_3' title="bbox 291 2046 1298 2839">
     <span class='ocr_line' id='line_1_13' title="bbox 340 2046 1297 2132; baseline 0.002 -24"><span class='ocrx_word' id='word_1_78' title='bbox 340 2046 469 2110; x_wconf 87' lang='lat' dir='ltr'><strong>Diutius</strong></span> <span class='ocrx_word' id='word_1_79' title='bbox 499 2047 686 2111; x_wconf 85' lang='lat' dir='ltr'><strong>commorati</strong></span> <span class='ocrx_word' id='word_1_80' title='bbox 707 2069 815 2110; x_wconf 91' lang='lat' dir='ltr'><strong>sumus</strong></span> <span class='ocrx_word' id='word_1_81' title='bbox 844 2048 881 2111; x_wconf 90' lang='lat' dir='ltr'><strong>iu</strong></span> <span class='ocrx_word' id='word_1_82' title='bbox 907 2046 1113 2112; x_wconf 82' lang='lat' dir='ltr'><strong>recensendis</strong></span> <span class='ocrx_word' id='word_1_83' title='bbox 1134 2048 1297 2132; x_wconf 89' lang='lat' dir='ltr'><strong>prioribus</strong></span> 
     </span>
     <span class='ocr_line' id='line_1_14' title="bbox 293 2162 1298 2252; baseline 0.005 -26"><span class='ocrx_word' id='word_1_84' title='bbox 293 2164 426 2228; x_wconf 87' lang='lat' dir='ltr'><strong>Luciani</strong></span> <span class='ocrx_word' id='word_1_85' title='bbox 453 2165 597 2248; x_wconf 91' lang='lat' dir='ltr'><strong>scriptis,</strong></span> <span class='ocrx_word' id='word_1_86' title='bbox 623 2165 723 2250; x_wconf 86' lang='lat' dir='ltr'><strong>quia,</strong></span> <span class='ocrx_word' id='word_1_87' title='bbox 751 2162 899 2252; x_wconf 74' lang='lat' dir='ltr'><strong>neglecti</strong></span> <span class='ocrx_word' id='word_1_88' title='bbox 922 2164 1084 2230; x_wconf 78' lang='lat' dir='ltr'><strong>rhetorica</strong></span> <span class='ocrx_word' id='word_1_89' title='bbox 1112 2189 1224 2231; x_wconf 87' lang='lat' dir='ltr'><strong>eorum</strong></span> <span class='ocrx_word' id='word_1_90' title='bbox 1246 2168 1298 2232; x_wconf 89' lang='lat' dir='ltr'><strong>in-</strong></span> 
     </span>
     <span class='ocr_line' id='line_1_15' title="bbox 294 2280 1297 2363; baseline 0.001 -20"><span class='ocrx_word' id='word_1_91' title='bbox 294 2280 387 2360; x_wconf 88' lang='lat' dir='ltr'><strong>dole,</strong></span> <span class='ocrx_word' id='word_1_92' title='bbox 412 2280 570 2363; x_wconf 89' lang='lat' dir='ltr'><strong>ejusmodi</strong></span> <span class='ocrx_word' id='word_1_93' title='bbox 592 2304 632 2345; x_wconf 85' lang='lat' dir='ltr'><strong>ex</strong></span> <span class='ocrx_word' id='word_1_94' title='bbox 651 2282 690 2345; x_wconf 92' lang='lat' dir='ltr'><strong>iis</strong></span> <span class='ocrx_word' id='word_1_95' title='bbox 709 2282 843 2347; x_wconf 84' lang='lat' dir='ltr'><strong>Luciani</strong></span> <span class='ocrx_word' id='word_1_96' title='bbox 865 2284 1054 2345; x_wconf 76' lang='lat' dir='ltr'><strong>sententiae</strong></span> <span class='ocrx_word' id='word_1_97' title='bbox 1074 2293 1105 2346; x_wconf 93' lang='lat' dir='ltr'><strong>et</strong></span> <span class='ocrx_word' id='word_1_98' title='bbox 1122 2283 1297 2346; x_wconf 78' lang='lat' dir='ltr'><strong>scribendi</strong></span> 
     </span>
     <span class='ocr_line' id='line_1_16' title="bbox 293 2397 1295 2486; baseline 0.004 -26"><span class='ocrx_word' id='word_1_99' title='bbox 293 2398 444 2462; x_wconf 76' lang='lat' dir='ltr'><strong>eoncilia</strong></span> <span class='ocrx_word' id='word_1_100' title='bbox 467 2397 610 2463; x_wconf 81' lang='lat' dir='ltr'><strong>derivata</strong></span> <span class='ocrx_word' id='word_1_101' title='bbox 632 2400 790 2476; x_wconf 90' lang='lat' dir='ltr'><strong>fuerunt,</strong></span> <span class='ocrx_word' id='word_1_102' title='bbox 814 2421 898 2486; x_wconf 87' lang='lat' dir='ltr'><strong>quae</strong></span> <span class='ocrx_word' id='word_1_103' title='bbox 920 2400 1038 2484; x_wconf 83' lang='lat' dir='ltr'><strong>partim</strong></span> <span class='ocrx_word' id='word_1_104' title='bbox 1064 2421 1128 2463; x_wconf 91' lang='lat' dir='ltr'><strong>non</strong></span> <span class='ocrx_word' id='word_1_105' title='bbox 1155 2400 1295 2464; x_wconf 88' lang='lat' dir='ltr'><strong>Luciano</strong></span> 
     </span>
     <span class='ocr_line' id='line_1_17' title="bbox 291 2518 1296 2607; baseline 0 -27"><span class='ocrx_word' id='word_1_106' title='bbox 291 2518 393 2606; x_wconf 91' lang='lat' dir='ltr'><strong>magis</strong></span> <span class='ocrx_word' id='word_1_107' title='bbox 416 2539 514 2605; x_wconf 89' lang='lat' dir='ltr'><strong>quam</strong></span> <span class='ocrx_word' id='word_1_108' title='bbox 532 2518 589 2582; x_wconf 90' lang='lat' dir='ltr'><strong>alii</strong></span> <span class='ocrx_word' id='word_1_109' title='bbox 611 2518 733 2598; x_wconf 81' lang='lat' dir='ltr'><strong>cuivis,</strong></span> <span class='ocrx_word' id='word_1_110' title='bbox 750 2518 869 2604; x_wconf 83' lang='lat' dir='ltr'><strong>partim</strong></span> <span class='ocrx_word' id='word_1_111' title='bbox 885 2518 942 2582; x_wconf 88' lang='lat' dir='ltr'><strong>alii</strong></span> <span class='ocrx_word' id='word_1_112' title='bbox 964 2518 1065 2582; x_wconf 90' lang='lat' dir='ltr'><strong>cuivis</strong></span> <span class='ocrx_word' id='word_1_113' title='bbox 1084 2518 1185 2605; x_wconf 84' lang='lat' dir='ltr'><strong>magis</strong></span> <span class='ocrx_word' id='word_1_114' title='bbox 1198 2537 1296 2607; x_wconf 84' lang='lat' dir='ltr'><strong>quam</strong></span> 
     </span>
     <span class='ocr_line' id='line_1_18' title="bbox 292 2636 1295 2726; baseline -0.001 -27"><span class='ocrx_word' id='word_1_115' title='bbox 292 2637 433 2700; x_wconf 82' lang='lat' dir='ltr'><strong>Lucieno</strong></span> <span class='ocrx_word' id='word_1_116' title='bbox 452 2637 585 2722; x_wconf 86' lang='lat' dir='ltr'><strong>propria</strong></span> <span class='ocrx_word' id='word_1_117' title='bbox 605 2647 690 2702; x_wconf 93' lang='lat' dir='ltr'><strong>sunt.</strong></span> <span class='ocrx_word' id='word_1_118' title='bbox 715 2638 751 2700; x_wconf 96' lang='lat' dir='ltr'><strong>In</strong></span> <span class='ocrx_word' id='word_1_119' title='bbox 767 2637 855 2701; x_wconf 75' lang='lat' dir='ltr'><strong>tanta</strong></span> <span class='ocrx_word' id='word_1_120' title='bbox 870 2659 962 2715; x_wconf 80' lang='lat' dir='ltr'><strong>sero,</strong></span> <span class='ocrx_word' id='word_1_121' title='bbox 984 2636 1103 2726; x_wconf 78' lang='lat' dir='ltr'><strong>quautd</strong></span> <span class='ocrx_word' id='word_1_122' title='bbox 1120 2636 1295 2723; x_wconf 85' lang='lat' dir='ltr'><strong>gaudemus</strong></span> 
     </span>
     <span class='ocr_line' id='line_1_19' title="bbox 291 2753 1294 2839; baseline -0.002 -21"><span class='ocrx_word' id='word_1_123' title='bbox 291 2753 506 2839; x_wconf 88' lang='lat' dir='ltr'><strong>posteriorum</strong></span> <span class='ocrx_word' id='word_1_124' title='bbox 535 2753 671 2817; x_wconf 87' lang='lat' dir='ltr'><strong>Luciani</strong></span> <span class='ocrx_word' id='word_1_125' title='bbox 700 2753 892 2838; x_wconf 89' lang='lat' dir='ltr'><strong>scriptorum</strong></span> <span class='ocrx_word' id='word_1_126' title='bbox 925 2753 1035 2838; x_wconf 78' lang='lat' dir='ltr'><strong>cupid,</strong></span> <span class='ocrx_word' id='word_1_127' title='bbox 1059 2754 1197 2818; x_wconf 92' lang='lat' dir='ltr'><strong>nolimus</strong></span> <span class='ocrx_word' id='word_1_128' title='bbox 1218 2775 1294 2818; x_wconf 85' lang='lat' dir='ltr'><strong>sane</strong></span> 
     </span>
    </p>
   </div>
   <div class='ocr_carea' id='block_1_3' title="bbox 292 2868 1294 2960">
    <p class='ocr_par' dir='ltr' id='par_1_4' title="bbox 292 2868 1294 2960">
     <span class='ocr_line' id='line_1_20' title="bbox 292 2868 1294 2960; baseline -0.003 -25"><span class='ocrx_word' id='word_1_129' title='bbox 292 2872 325 2937; x_wconf 91' lang='lat' dir='ltr'><strong>id</strong></span> <span class='ocrx_word' id='word_1_130' title='bbox 341 2894 458 2960; x_wconf 87' lang='lat' dir='ltr'><strong>agere,</strong></span> <span class='ocrx_word' id='word_1_131' title='bbox 484 2870 609 2957; x_wconf 87' lang='lat' dir='ltr'><strong>quoda</strong></span> <span class='ocrx_word' id='word_1_132' title='bbox 630 2870 814 2955; x_wconf 88' lang='lat' dir='ltr'><strong>scriptionis</strong></span> <span class='ocrx_word' id='word_1_133' title='bbox 835 2868 934 2953; x_wconf 90' lang='lat' dir='ltr'><strong>hujus</strong></span> <span class='ocrx_word' id='word_1_134' title='bbox 957 2869 1104 2934; x_wconf 86' lang='lat' dir='ltr'><strong>instituto</strong></span> <span class='ocrx_word' id='word_1_135' title='bbox 1128 2881 1294 2955; x_wconf 87' lang='lat' dir='ltr'><strong>praeterea</strong></span> 
     </span>
    </p>
   </div>
   <div class='ocr_carea' id='block_1_4' title="bbox 290 2985 1315 4255">
    <p class='ocr_par' dir='ltr' id='par_1_5' title="bbox 290 2985 1315 4255">
     <span class='ocr_line' id='line_1_21' title="bbox 292 2985 1293 3066; baseline 0.002 -17"><span class='ocrx_word' id='word_1_136' title='bbox 292 2988 434 3052; x_wconf 90' lang='lat' dir='ltr'><strong>alienum</strong></span> <span class='ocrx_word' id='word_1_137' title='bbox 456 2989 558 3066; x_wconf 83' lang='lat' dir='ltr'><strong>soret,</strong></span> <span class='ocrx_word' id='word_1_138' title='bbox 583 2998 620 3050; x_wconf 90' lang='lat' dir='ltr'><strong>ut</strong></span> <span class='ocrx_word' id='word_1_139' title='bbox 642 2985 836 3052; x_wconf 82' lang='lat' dir='ltr'><strong>Lucianeae</strong></span> <span class='ocrx_word' id='word_1_140' title='bbox 859 2985 1034 3049; x_wconf 78' lang='lat' dir='ltr'><strong>scribendi</strong></span> <span class='ocrx_word' id='word_1_141' title='bbox 1055 2988 1203 3050; x_wconf 78' lang='lat' dir='ltr'><strong>virtutes</strong></span> <span class='ocrx_word' id='word_1_142' title='bbox 1228 2988 1293 3051; x_wconf 89' lang='lat' dir='ltr'><strong>sin-</strong></span> 
     </span>
     <span class='ocr_line' id='line_1_22' title="bbox 294 3104 1294 3193; baseline -0.001 -26"><span class='ocrx_word' id='word_1_143' title='bbox 294 3105 428 3193; x_wconf 89' lang='lat' dir='ltr'><strong>gulatim</strong></span> <span class='ocrx_word' id='word_1_144' title='bbox 448 3106 483 3170; x_wconf 95' lang='lat' dir='ltr'><strong>in</strong></span> <span class='ocrx_word' id='word_1_145' title='bbox 503 3104 593 3170; x_wconf 87' lang='lat' dir='ltr'><strong>bisce</strong></span> <span class='ocrx_word' id='word_1_146' title='bbox 619 3106 851 3192; x_wconf 88' lang='lat' dir='ltr'><strong>perlustremus</strong></span> <span class='ocrx_word' id='word_1_147' title='bbox 871 3114 928 3169; x_wconf 88' lang='lat' dir='ltr'><strong>aut</strong></span> <span class='ocrx_word' id='word_1_148' title='bbox 949 3105 1063 3171; x_wconf 87' lang='lat' dir='ltr'><strong>crebra</strong></span> <span class='ocrx_word' id='word_1_149' title='bbox 1085 3106 1120 3169; x_wconf 90' lang='lat' dir='ltr'><strong>in</strong></span> <span class='ocrx_word' id='word_1_150' title='bbox 1143 3105 1182 3168; x_wconf 92' lang='lat' dir='ltr'><strong>iis</strong></span> <span class='ocrx_word' id='word_1_151' title='bbox 1211 3104 1294 3170; x_wconf 90' lang='lat' dir='ltr'><strong>desi-</strong></span> 
     </span>
     <span class='ocr_line' id='line_1_23' title="bbox 293 3222 1294 3312; baseline -0.003 -25"><span class='ocrx_word' id='word_1_152' title='bbox 293 3245 393 3310; x_wconf 85' lang='lat' dir='ltr'><strong>gnare</strong></span> <span class='ocrx_word' id='word_1_153' title='bbox 406 3223 540 3311; x_wconf 84' lang='lat' dir='ltr'><strong>vestigia</strong></span> <span class='ocrx_word' id='word_1_154' title='bbox 560 3245 714 3289; x_wconf 89' lang='lat' dir='ltr'><strong>conemur</strong></span> <span class='ocrx_word' id='word_1_155' title='bbox 738 3223 826 3286; x_wconf 88' lang='lat' dir='ltr'><strong>illius</strong></span> <span class='ocrx_word' id='word_1_156' title='bbox 843 3222 1051 3312; x_wconf 87' lang='lat' dir='ltr'><strong>antiquorum</strong></span> <span class='ocrx_word' id='word_1_157' title='bbox 1075 3223 1294 3308; x_wconf 85' lang='lat' dir='ltr'><strong>exemplorum</strong></span> 
     </span>
     <span class='ocr_line' id='line_1_24' title="bbox 290 3339 1293 3430; baseline 0 -24"><span class='ocrx_word' id='word_1_158' title='bbox 290 3341 404 3421; x_wconf 83' lang='lat' dir='ltr'><strong>studii,</strong></span> <span class='ocrx_word' id='word_1_159' title='bbox 422 3339 514 3426; x_wconf 90' lang='lat' dir='ltr'><strong>cujus</strong></span> <span class='ocrx_word' id='word_1_160' title='bbox 536 3353 657 3430; x_wconf 89' lang='lat' dir='ltr'><strong>quanta</strong></span> <span class='ocrx_word' id='word_1_161' title='bbox 678 3342 711 3406; x_wconf 94' lang='lat' dir='ltr'><strong>in</strong></span> <span class='ocrx_word' id='word_1_162' title='bbox 730 3341 850 3426; x_wconf 83' lang='lat' dir='ltr'><strong>jurene</strong></span> <span class='ocrx_word' id='word_1_163' title='bbox 870 3341 1012 3406; x_wconf 87' lang='lat' dir='ltr'><strong>Luciano</strong></span> <span class='ocrx_word' id='word_1_164' title='bbox 1031 3340 1201 3428; x_wconf 89' lang='lat' dir='ltr'><strong>diligentia</strong></span> <span class='ocrx_word' id='word_1_165' title='bbox 1221 3341 1293 3406; x_wconf 84' lang='lat' dir='ltr'><strong>fue-</strong></span> 
     </span>
     <span class='ocr_line' id='line_1_25' title="bbox 293 3458 1293 3547; baseline -0.002 -23"><span class='ocrx_word' id='word_1_166' title='bbox 293 3461 354 3541; x_wconf 87' lang='lat' dir='ltr'><strong>rit,</strong></span> <span class='ocrx_word' id='word_1_167' title='bbox 382 3461 563 3547; x_wconf 84' lang='lat' dir='ltr'><strong>quantique</strong></span> <span class='ocrx_word' id='word_1_168' title='bbox 583 3473 694 3546; x_wconf 88' lang='lat' dir='ltr'><strong>postea</strong></span> <span class='ocrx_word' id='word_1_169' title='bbox 713 3461 753 3526; x_wconf 90' lang='lat' dir='ltr'><strong>ab</strong></span> <span class='ocrx_word' id='word_1_170' title='bbox 775 3483 811 3525; x_wconf 91' lang='lat' dir='ltr'><strong>eo</strong></span> <span class='ocrx_word' id='word_1_171' title='bbox 830 3461 1000 3526; x_wconf 87' lang='lat' dir='ltr'><strong>efficacitas</strong></span> <span class='ocrx_word' id='word_1_172' title='bbox 1012 3458 1121 3523; x_wconf 88' lang='lat' dir='ltr'><strong>habita</strong></span> <span class='ocrx_word' id='word_1_173' title='bbox 1142 3458 1200 3536; x_wconf 92' lang='lat' dir='ltr'><strong>sit,</strong></span> <span class='ocrx_word' id='word_1_174' title='bbox 1219 3480 1293 3522; x_wconf 85' lang='lat' dir='ltr'><strong>mox</strong></span> 
     </span>
     <span class='ocr_line' id='line_1_26' title="bbox 292 3573 1292 3664; baseline -0.006 -21"><span class='ocrx_word' id='word_1_175' title='bbox 292 3579 382 3643; x_wconf 91' lang='lat' dir='ltr'><strong>locus</strong></span> <span class='ocrx_word' id='word_1_176' title='bbox 405 3579 466 3644; x_wconf 89' lang='lat' dir='ltr'><strong>erit</strong></span> <span class='ocrx_word' id='word_1_177' title='bbox 485 3579 590 3664; x_wconf 85' lang='lat' dir='ltr'><strong>ipsum</strong></span> <span class='ocrx_word' id='word_1_178' title='bbox 611 3589 843 3644; x_wconf 84' lang='lat' dir='ltr'><strong>asseverantem</strong></span> <span class='ocrx_word' id='word_1_179' title='bbox 860 3576 1023 3641; x_wconf 87' lang='lat' dir='ltr'><strong>audiendi.</strong></span> <span class='ocrx_word' id='word_1_180' title='bbox 1050 3573 1230 3658; x_wconf 86' lang='lat' dir='ltr'><strong>Deperditis</strong></span> <span class='ocrx_word' id='word_1_181' title='bbox 1242 3574 1292 3638; x_wconf 87' lang='lat' dir='ltr'><strong>rol</strong></span> 
     </span>
     <span class='ocr_line' id='line_1_27' title="bbox 292 3677 1315 3783; baseline -0.009 -20"><span class='ocrx_word' id='word_1_182' title='bbox 292 3699 333 3763; x_wconf 89' lang='lat' dir='ltr'><strong>ab</strong></span> <span class='ocrx_word' id='word_1_183' title='bbox 359 3697 428 3782; x_wconf 92' lang='lat' dir='ltr'><strong>ipso</strong></span> <span class='ocrx_word' id='word_1_184' title='bbox 459 3718 524 3762; x_wconf 92' lang='lat' dir='ltr'><strong>nou</strong></span> <span class='ocrx_word' id='word_1_185' title='bbox 552 3695 645 3759; x_wconf 90' lang='lat' dir='ltr'><strong>editis</strong></span> <span class='ocrx_word' id='word_1_186' title='bbox 669 3697 766 3782; x_wconf 88' lang='lat' dir='ltr'><strong>longe</strong></span> <span class='ocrx_word' id='word_1_187' title='bbox 794 3677 956 3783; x_wconf 88' lang='lat' dir='ltr'><strong>plerisque</strong></span> <span class='ocrx_word' id='word_1_188' title='bbox 978 3691 1161 3778; x_wconf 88' lang='lat' dir='ltr'><strong>sophisticis</strong></span> <span class='ocrx_word' id='word_1_189' title='bbox 1193 3692 1315 3756; x_wconf 70' lang='lat' dir='ltr'><strong>nostri&#39;</strong></span> 
     </span>
     <span class='ocr_line' id='line_1_28' title="bbox 293 3809 1290 3900; baseline -0.007 -21"><span class='ocrx_word' id='word_1_190' title='bbox 293 3815 464 3900; x_wconf 90' lang='lat' dir='ltr'><strong>operibus,</strong></span> <span class='ocrx_word' id='word_1_191' title='bbox 494 3811 635 3877; x_wconf 85' lang='lat' dir='ltr'><strong>dubitari</strong></span> <span class='ocrx_word' id='word_1_192' title='bbox 663 3812 762 3898; x_wconf 91' lang='lat' dir='ltr'><strong>possit</strong></span> <span class='ocrx_word' id='word_1_193' title='bbox 784 3833 901 3876; x_wconf 90' lang='lat' dir='ltr'><strong>nume</strong></span> <span class='ocrx_word' id='word_1_194' title='bbox 925 3810 1054 3876; x_wconf 86' lang='lat' dir='ltr'><strong>serratis</strong></span> <span class='ocrx_word' id='word_1_195' title='bbox 1077 3810 1151 3874; x_wconf 88' lang='lat' dir='ltr'><strong>satis</strong></span> <span class='ocrx_word' id='word_1_196' title='bbox 1172 3809 1290 3894; x_wconf 87' lang='lat' dir='ltr'><strong>proba-</strong></span> 
     </span>
     <span class='ocr_line' id='line_1_29' title="bbox 291 3927 1292 4015; baseline -0.007 -19"><span class='ocrx_word' id='word_1_197' title='bbox 291 3932 401 3997; x_wconf 88' lang='lat' dir='ltr'><strong>biliter</strong></span> <span class='ocrx_word' id='word_1_198' title='bbox 428 3930 625 3996; x_wconf 90' lang='lat' dir='ltr'><strong>rhetoricum</strong></span> <span class='ocrx_word' id='word_1_199' title='bbox 651 3929 719 4014; x_wconf 88' lang='lat' dir='ltr'><strong>ejus</strong></span> <span class='ocrx_word' id='word_1_200' title='bbox 751 3927 988 4010; x_wconf 85' lang='lat' dir='ltr'><strong>characterem,</strong></span> <span class='ocrx_word' id='word_1_201' title='bbox 1014 3929 1072 4015; x_wconf 90' lang='lat' dir='ltr'><strong>qui</strong></span> <span class='ocrx_word' id='word_1_202' title='bbox 1094 3928 1235 4003; x_wconf 90' lang='lat' dir='ltr'><strong>dicitur,</strong></span> <span class='ocrx_word' id='word_1_203' title='bbox 1260 3937 1292 3989; x_wconf 89' lang='lat' dir='ltr'><strong>et</strong></span> 
     </span>
     <span class='ocr_line' id='line_1_30' title="bbox 291 4045 1289 4131; baseline -0.004 -21"><span class='ocrx_word' id='word_1_204' title='bbox 291 4048 406 4112; x_wconf 84' lang='lat' dir='ltr'><strong>marita</strong></span> <span class='ocrx_word' id='word_1_205' title='bbox 430 4070 560 4114; x_wconf 87' lang='lat' dir='ltr'><strong>censere</strong></span> <span class='ocrx_word' id='word_1_206' title='bbox 585 4048 692 4113; x_wconf 87' lang='lat' dir='ltr'><strong>liceat.</strong></span> <span class='ocrx_word' id='word_1_207' title='bbox 717 4047 946 4115; x_wconf 89' lang='lat' dir='ltr'><strong>Verumtamen</strong></span> <span class='ocrx_word' id='word_1_208' title='bbox 978 4047 1013 4111; x_wconf 94' lang='lat' dir='ltr'><strong>in</strong></span> <span class='ocrx_word' id='word_1_209' title='bbox 1040 4045 1097 4125; x_wconf 80' lang='lat' dir='ltr'><strong>ed,</strong></span> <span class='ocrx_word' id='word_1_210' title='bbox 1122 4066 1187 4131; x_wconf 87' lang='lat' dir='ltr'><strong>qua</strong></span> <span class='ocrx_word' id='word_1_211' title='bbox 1210 4064 1289 4128; x_wconf 87' lang='lat' dir='ltr'><strong>pau·</strong></span> 
     </span>
     <span class='ocr_line' id='line_1_31' title="bbox 292 4165 1288 4255; baseline -0.001 -26"><span class='ocrx_word' id='word_1_212' title='bbox 292 4167 378 4232; x_wconf 86' lang='lat' dir='ltr'><strong>ciera</strong></span> <span class='ocrx_word' id='word_1_213' title='bbox 398 4166 518 4233; x_wconf 86' lang='lat' dir='ltr'><strong>haecce</strong></span> <span class='ocrx_word' id='word_1_214' title='bbox 541 4169 670 4232; x_wconf 88' lang='lat' dir='ltr'><strong>interse</strong></span> <span class='ocrx_word' id='word_1_215' title='bbox 688 4165 838 4233; x_wconf 87' lang='lat' dir='ltr'><strong>distincta</strong></span> <span class='ocrx_word' id='word_1_216' title='bbox 864 4165 1133 4255; x_wconf 84' lang='lat' dir='ltr'><strong>sunt,rarietnte‚</strong></span> <span class='ocrx_word' id='word_1_217' title='bbox 1158 4183 1288 4250; x_wconf 86' lang='lat' dir='ltr'><strong>quaque</strong></span> 
     </span>
    </p>
   </div>
   <div class='ocr_carea' id='block_1_5' title="bbox 0 0 1584 5018">
    <p class='ocr_par' dir='ltr' id='par_1_6' title="bbox 0 0 1584 5018">
     <span class='ocr_line' id='line_1_32' title="bbox 0 0 1584 5018; baseline 0 2"><span class='ocrx_word' id='word_1_218' title='bbox 0 0 1584 5018; x_wconf 95' lang='lat' dir='ltr'><strong> </strong></span> 
     </span>
    </p>
   </div>
  </div>
 </body>
</html>
