3160 5018
793 437 834 500 68

319 635 370 699 nia
388 645 578 698 notaverunt
601 654 630 712 ι,
656 632 857 697 incredibilis
878 632 1056 697 rhetoricae
1080 634 1155 696 artis
1178 632 1315 696 inanitas

317 762 347 814 et
378 749 505 843 fallacia
535 771 598 813 non
625 749 747 833 potnit,
770 770 807 813 err
829 770 895 834 quo
916 749 1012 812 semel
1040 769 1057 809 a
1082 749 1223 814 Luciano
1244 770 1316 833 per·-

316 879 423 952 specta
444 869 570 946 fuerat,
593 888 657 930 non
681 867 714 929 in
733 865 845 952 primis
867 887 905 930 eo
921 866 1024 931 valere
1036 915 1045 944 ,
1057 867 1207 954 utmagis
1221 867 1315 931 etiarn

315 985 422 1064 lieret,
447 984 535 1074 quod
567 995 676 1069 postca
708 982 749 1048 de
778 984 904 1068 seipse
934 985 1094 1069 professus
1124 998 1193 1065 est,
1219 1010 1316 1070 μισα-

315 1103 423 1182 tator
453 1107 508 1167 καὶ
536 1107 689 1187 μισογόης
718 1105 774 1166 καὶ
799 1102 998 1186 μισοψευδὴς
1027 1104 1082 1168 καὶ
1098 1107 1274 1187 μισόσοφος
1290 1115 1313 1167 ².

315 1223 423 1305 Quum
450 1221 550 1307 igitur
582 1219 622 1285 ad
653 1219 775 1308 ingenii
795 1219 1012 1286 maturitatem
1030 1218 1262 1305 pervenisset',
1282 1234 1312 1284 et

315 1361 421 1404 veram
451 1337 614 1402 scribendi
640 1336 807 1401 materiem
838 1337 899 1401 sihi
921 1337 1110 1403 sumendam
1136 1360 1203 1402 esse
1228 1350 1313 1403 ratus

315 1468 381 1540 est,¹
401 1467 433 1520 et
453 1456 588 1521 formam
608 1454 649 1519 ad
666 1475 779 1520 rerum
795 1453 1018 1542 adaequatam.
1043 1456 1085 1520 Ut
1100 1467 1208 1521 autem
1221 1479 1313 1521 seve-

314 1575 381 1637 rius
401 1574 443 1638 ab
461 1574 531 1660 ipso
547 1572 730 1638 institutum
752 1571 932 1638 rhetoricae
959 1573 1151 1659 disciplinae
1172 1574 1312 1638 studium

315 1692 355 1758 ad
377 1692 549 1779 antiquum
573 1691 741 1757 literarum
773 1692 898 1757 cultum
920 1694 1194 1786 conformaverat,
1219 1697 1311 1760 ἕποι’-

315 1812 406 1877 δεοσε
435 1813 491 1875 καὶ
522 1813 554 1885 ἐς
580 1813 655 1885 τούς
682 1807 853 1894 Ἓλληνας
874 1811 1075 1898 ἔοέγραψεξ
1097 1813 1142 1880 ita
1166 1813 1234 1898 ipsa
1262 1836 1310 1878 so-

314 1926 451 2013 phistica
465 1927 638 2013 professio,
657 1925 698 1991 ad
716 1947 812 2012 quam
826 1927 1039 1994 exercendam
1050 1931 1152 1998 varias
1165 1932 1312 2020 regiones

315 2045 455 2125 adierat,
475 2042 710 2131 hominumque
714 2042 841 2128 judicia
853 2065 891 2110 ac
901 2046 1007 2113 studia
1022 2048 1197 2138 diligenter
1207 2061 1310 2116 atten-

317 2162 394 2228 dere
416 2171 548 2226 coactus
568 2159 693 2236 luerat,
715 2180 789 2223 eum
810 2159 964 2228 eduxerat
986 2161 1026 2227 ad
1050 2185 1120 2230 eam
1145 2164 1313 2231 hominurn

318 2289 350 2343 et
368 2299 476 2343 rernm
496 2275 736 2362 cognitionem,
760 2273 801 2341 ad
823 2297 911 2356 eam,
935 2298 1033 2366 quam
1050 2278 1085 2344 in
1105 2279 1174 2366 ejus
1187 2284 1314 2367 scriptis

315 2397 465 2487 aequales
489 2393 682 2472 laudarunt,
706 2395 876 2481 ἐμπειρίαν
903 2399 970 2465 τῶν
996 2405 1247 2486 πραγμάτων,
1280 2402 1312 2463 irr

315 2537 379 2604 qua
416 2526 484 2579 tum
527 2511 658 2599 proprio
690 2531 748 2577 suo
772 2511 928 2601 ingenio,
964 2526 1034 2579 tum
1067 2518 1221 2599 saeculo,
1248 2540 1312 2607 quo

313 2633 455 2712 vivebat,
484 2653 555 2698 rere
583 2632 856 2700 accommodatam
876 2632 1039 2700 scribendi
1063 2635 1229 2702 materiem
1258 2637 1312 2699 irr-

316 2751 447 2816 veniret.

348 2971 357 3006 1
378 2973 443 3026 Conl.
459 2973 580 3027 Plutarch.
594 2977 622 3026 de
639 2978 712 3025 audit.
728 2979 765 3025 ed.
782 2981 799 3028 1.
817 2978 842 3025 Τ.
859 2979 908 3042 Vl,
921 2996 943 3040 p,
959 2977 1018 3036 1493
1031 2991 1093 3030 auct.
1107 2981 1148 3034 lib.
1157 2983 1186 3031 de
1194 2982 1312 3030 lihednc.

314 3055 339 3100 T.
353 3054 401 3118 vt,
417 3072 440 3116 p.
456 3053 502 3112 183
520 3067 581 3106 auct.
597 3060 655 3109 dial.
668 3061 696 3108 de
711 3060 787 3114 Oratt.
804 3079 824 3112 c.
837 3061 886 3119 31;
901 3063 996 3112 Petron.
1012 3065 1064 3113 init.
1081 3067 1195 3130 δήμιος
1211 3068 1309 3132 Quintil.

315 3141 373 3187 lnst·
398 3140 463 3193 Orat.
481 3143 498 3189 l.
514 3141 555 3204 ll,
573 3161 593 3195 o.
608 3141 653 3206 20,
667 3144 687 3210 d.
705 3143 729 3196 3.

349 3228 362 3260 ²
381 3225 466 3279 Placet.
484 3244 505 3280 c.
522 3224 564 3277 20.

351 3316 362 3347 ³
381 3309 451 3358 Valet
465 3313 492 3358 de
506 3311 561 3361 Luc.
574 3314 676 3376 quotide
690 3315 764 3364 Ilione
776 3316 857 3380 Syrtes.
872 3319 909 3366 ed.
923 3319 940 3366 l.
953 3335 975 3380 p.
987 3315 1316 3386 14,ὥσπερ-ἒπιμνοὺσης

314 3393 362 3456 dol
376 3397 426 3460 τῆς
438 3395 538 3455 φύσεως
555 3397 587 3447 τὸ
607 3399 706 3450 οἰκεῖοι
720 3399 812 3468 dores,
823 3401 853 3451 orl
863 3402 934 3452 κατὰ
941 3402 1048 3470 μικρὸν,
1066 3395 1125 3452 ἀλλ’
1142 3400 1211 3460 ὅλοις
1222 3401 1315 3458 ἱστίοις

315 3478 459 3546 cameron
476 3483 525 3546 τῆς
539 3486 689 3549 σοφιστικῆς
703 3486 883 3554 προαιρέσεως.

349 3560 363 3596 ⁴
382 3565 421 3613 Bia
435 3564 491 3614 Aac.
506 3583 527 3615 o.
543 3565 583 3616 30.

350 3644 363 3678 ⁵
388 3650 433 3698 Pro
447 3651 543 3703 llcrced.
562 3653 633 3704 Gond.
648 3672 667 3702 c.
683 3653 706 3702 3.
