3160 5018
778 410 820 472 24

293 606 423 693 ingenio
442 603 619 680 Lucienus,
650 603 675 666 si
702 601 833 688 quando
855 625 872 666 e
894 605 984 691 Syria
1000 606 1032 668 in
1055 607 1179 672 ltaliam
1202 611 1291 674 navi·

295 732 413 809 gasset,
451 722 528 807 ipsis
562 719 638 785 libri
660 717 880 783 defensoribus
901 718 1092 803 judicibus,
1120 747 1184 790 non
1224 738 1289 792 tam

293 838 440 904 affectato
464 839 537 903 stilo
558 857 651 902 suum
671 836 732 900 iter
749 835 970 921 descripturus
984 838 1117 922 fuisset,
1148 853 1289 908 statuen-

293 958 370 1022 dum
388 979 456 1022 esse
473 955 599 1021 videtur
618 953 680 1019 hoc
701 953 833 1040 quidem
854 955 897 1018 ab
923 955 987 1021 alio
1007 957 1147 1042 quodam
1168 961 1289 1025 factum

292 1073 554 1160 descriptumque
564 1072 672 1148 fuisse,
687 1071 826 1159 ideoque
841 1068 980 1136 Amores
991 1095 1054 1140 non
1067 1099 1133 1141 esse
1144 1078 1288 1143 Luciani.

337 1192 435 1256 Porro
458 1188 535 1254 huic
554 1190 730 1255 sententiae
761 1190 957 1275 praesidium
990 1195 1158 1278 quaeritur
1185 1196 1219 1260 in
1250 1197 1288 1260 iis

291 1309 390 1388 locis,
418 1308 476 1372 uhi
502 1308 660 1372 Lucianus
681 1308 840 1395 significat
862 1331 895 1373 se
913 1308 1088 1395 aliquando
1114 1312 1148 1377 in
1175 1314 1287 1402 Syria,

291 1427 483 1506 Phoenicia,
514 1428 662 1514 Aegypto
686 1427 804 1506 luisse,
831 1448 909 1512 quas
930 1427 1031 1515 igitur
1056 1431 1203 1518 regiones
1233 1453 1289 1496 ro-

291 1542 467 1630 gnoscendi
493 1563 605 1608 caussa
625 1565 663 1608 eo
682 1553 826 1628 tempore
849 1543 1024 1624 invisisset,
1049 1565 1150 1629 quum
1161 1545 1289 1630 juvenis

290 1663 480 1730 Antiochiae
489 1682 671 1726 caussarum
686 1672 857 1745 patronatu
880 1684 913 1726 se
934 1662 1154 1730 abdicavisset.
1180 1666 1288 1747 Quum

290 1805 365 1847 vero
388 1780 569 1846 noverimus
593 1801 666 1844 eum
686 1800 815 1858 senem,
837 1789 906 1842 tum
929 1780 964 1844 in
986 1781 1133 1869 Aegypto
1156 1783 1288 1867 publico

288 1922 422 1964 munere
444 1899 594 1962 functum
615 1918 682 1961 esse
701 1899 734 1975 ¹,
771 1908 858 1975 tum,
883 1897 1053 1977 fortunae,
1082 1910 1120 1962 ut
1144 1899 1287 1978 videtur,

289 2018 496 2084 conversione
519 2015 694 2092 afflictum,
731 2025 818 2079 certe
842 2015 949 2080 denuo
972 2018 1114 2102 coepisse
1140 2016 1288 2104 sophisti-

289 2157 342 2199 cas
363 2135 566 2199 recitationes
587 2131 707 2197 habere
729 2139 762 2209 ²,
784 2154 857 2196 vero
880 2133 1014 2197 similius
1032 2146 1096 2213 est,
1122 2157 1196 2199 eum
1217 2136 1288 2199 illas

290 2275 419 2340 quoque
440 2252 587 2340 regiones
606 2252 806 2336 provectiore
820 2261 924 2315 aetate
938 2251 1054 2317 adiisse
1073 2264 1184 2317 ettam
1206 2255 1288 2316 reci-

287 2373 443 2451 tationes,
470 2390 567 2457 quam
584 2368 710 2432 libellos
730 2369 763 2431 in
790 2368 908 2454 quibus
931 2369 1071 2457 Aegypti
1093 2382 1124 2435 et
1147 2371 1288 2435 Orientis

287 2490 407 2554 mentio
425 2489 481 2567 fis,
506 2499 575 2551 tum
592 2485 723 2551 demum
741 2487 782 2550 ab
801 2507 838 2550 eo
853 2487 1035 2571 conscripta
1051 2487 1165 2573 fnisse,
1186 2508 1286 2573 quum

286 2629 420 2671 munere
442 2627 499 2670 suo
520 2603 688 2669 excidisset
711 2615 734 2669 ³.

330 2724 452 2806 Quodsi
470 2723 554 2808 ipsos
576 2721 705 2786 libellos
727 2722 900 2806 inspicias,
923 2726 1054 2789 omnino
1075 2713 1197 2789 habent
1221 2748 1286 2811 quo

282 2919 375 2930 ...n-.-

319 3031 330 3066 1
348 3032 395 3079 Pro
409 3032 478 3081 llere.
493 3035 566 3083 Cond.
582 3052 603 3084 c.
621 3033 660 3083 12.

322 3124 334 3160 ²
352 3128 407 3176 vid.
426 3129 509 3178 Bacclr.
524 3148 545 3179 c.
559 3128 592 3194 6,
607 3131 636 3194 7,
651 3141 675 3181 et
688 3133 712 3180 in
725 3149 760 3194 pr.
771 3132 864 3182 lleroul.
875 3135 960 3182 Gallie.
973 3151 994 3182 c.
1009 3134 1024 3183 7
1032 3171 1039 3195 ‚
1054 3132 1078 3183 8.
1093 3135 1134 3182 llis
1141 3137 1286 3198 adjungenda

240 3193 243 3204 ¹
285 3211 376 3259 videtur
389 3211 479 3260 recitat.
502 3212 611 3274 Dipsades
629 3215 754 3278 inscripta,
776 3217 801 3264 in
821 3233 867 3278 qua
879 3233 926 3264 aon
938 3217 1022 3266 diserte
1035 3218 1127 3279 quidem
1140 3220 1210 3280 dicit,
1225 3229 1288 3267 atta.

285 3313 337 3343 rnen
356 3296 457 3344 ostendit
475 3313 498 3346 se
511 3314 560 3347 esse
572 3315 661 3362 senem,
674 3299 769 3348 immani
783 3301 968 3363 comparatione,
981 3318 1002 3349 o.
1017 3299 1034 3350 9
1048 3302 1102 3350 coll.
1116 3303 1146 3364 t,
1165 3320 1211 3365 qus
1224 3305 1288 3351 seni-

284 3383 329 3429 lem
344 3382 509 3443 loquacitatem
522 3383 634 3433 illustrat.

240 3525 242 3530 .
319 3477 331 3508 ³
352 3480 495 3543 Quamquam
516 3480 541 3529 iu
559 3483 674 3546 Apologia
695 3483 723 3530 de
743 3482 811 3532 llere.
831 3484 903 3532 Cond.
916 3483 963 3532 c.l
980 3494 1004 3532 et
1016 3502 1038 3535 c.
1051 3487 1075 3533 l.
1094 3485 1121 3533 ἐν
1139 3486 1209 3552 γήρᾳ
1228 3483 1278 3532 ὑσ-

283 3562 356 3628 τάτῳ
374 3579 399 3610 se
417 3580 466 3612 esse
485 3565 556 3628 dicit,
571 3576 649 3614 tamen
667 3585 738 3629 quum
752 3577 852 3628 speraret
862 3568 930 3635 (ibid,
945 3584 966 3616 c.
981 3566 1024 3634 13)
1037 3571 1086 3616 lore
1098 3576 1124 3615 ut
1137 3585 1177 3629 per
1189 3583 1273 3615 munus

284 3662 330 3705 quo
346 3655 394 3694 tum
416 3649 562 3714 iungeretur,
581 3655 651 3701 etiam
669 3653 698 3700 ad
719 3653 807 3714 majora
822 3653 965 3716 perveniret,
982 3670 1028 3700 nora
1043 3653 1111 3700 nimis
1123 3653 1225 3716 urgenda
1240 3661 1275 3701 est

283 3731 409 3779 senectutis
425 3734 498 3782 notio.
525 3737 599 3785 Porro
614 3736 950 3804 exeolibello(conl.c.10,
965 3735 1005 3803 ll)
1019 3752 1066 3784 non
1084 3737 1156 3784 videri
1171 3754 1222 3784 eum
1241 3755 1277 3784 re·

288 3831 337 3863 sum
349 3817 462 3880 angustiis
473 3821 502 3868 ad
516 3821 684 3883 suscipiendum
696 3838 780 3870 munus
792 3830 896 3869 eoactum
908 3821 979 3869 luisse
988 3855 995 3880 ‚
1003 3822 1053 3883 jam
1072 3820 1210 3869 Wielandus
1225 3838 1277 3868 mo·

287 3898 403 3960 nuit,'lh.
412 3900 472 3965 1‚S.
488 3903 518 3952 x.
534 3906 699 3968 comprobatus
711 3924 724 3952 a
736 3906 867 3955 Lehmanno
879 3907 904 3954 in
916 3908 1005 3954 adnott.
1017 3906 1046 3953 ad
1059 3906 1143 3954 Reitrii
1155 3909 1275 3970 syllogus,

287 3997 311 4039 P·
323 3981 399 4046 LXX,
415 4003 439 4035 a.
453 3985 493 4037 19.
517 3988 546 4038 lu
560 3989 657 4040 Hercule
673 4001 752 4039 eontra
771 3992 876 4052 Gallico,
895 4010 915 4038 r.
934 3991 965 4052 7,
984 3988 1016 4050 8,
1038 4007 1084 4038 non
1096 4009 1215 4052 possumus
1228 4007 1273 4038 non

285 4068 386 4119 allicturn
409 4090 485 4124 senem
504 4094 636 4140 agnosceret
653 4079 758 4142 (1110(θῇαι
776 4088 826 4138 1³⁰·qt
848 4088 975 4139 ⁸¹¹⁸0⁰P¹¹¹¹¹¹
989 4094 1071 4126 ”unul
1085 4081 1190 4126 Mum
1208 4078 1270 4125 'lm

284 4161 390 4215 aspertus
402 4171 449 4204 esse
460 4159 572 4211 rideatur.
