3160 5018
601 1148 933 1236 toltltttttt.

682 1447 847 1472 -ιοθο-

312 1677 370 1744 Ao
384 1698 468 1765 pag.
486 1675 632 1739 Discert.
649 1679 707 1753 13,
725 1677 754 1738 4.
776 1677 814 1739 In
825 1674 958 1740 luciani
970 1688 1074 1743 aetate
1086 1677 1267 1744 definienda

267 1796 486 1862 desideramus
512 1793 720 1879 antiquorum
743 1793 998 1859 testimoniorum
1027 1796 1268 1872 auctoritatem,

273 1937 347 1981 nam
365 1913 452 2000 quod
472 1933 573 1976 unum
589 1910 677 1996 apud
689 1908 854 1993 suidam,
868 1913 902 1977 in
916 1935 985 1979 roc.
1003 1921 1206 1993 Λουκιανός,
1220 1935 1269 1978 re·

271 2035 392 2097 fertur:
415 2031 571 2112 γεαέσθαι
605 2027 741 2117 (vixisse,
765 2027 923 2118 floruisse)
951 2036 1004 2098 ἐπὶ
1025 2039 1080 2100 τοῦ
1105 2034 1270 2118 Καίσαρος

272 2153 439 2234 Τραϊανοῦ
476 2151 532 2213 καί
555 2147 728 2223 ἐπέκεινα,
757 2146 961 2212 manifestum
991 2148 1089 2213 babet
1117 2169 1268 2213 errorem.

267 2270 395 2332 Frustra
425 2267 547 2351 pariter
572 2265 687 2329 natalis
710 2264 845 2330 Luciani
869 2267 947 2331 anni
968 2267 1115 2331 notitiam
1138 2267 1265 2332 efficere

270 2388 397 2453 coneris
415 2411 432 2454 e
447 2387 590 2451 virorum
603 2382 773 2450 doctorum
788 2382 1083 2471 disquisitionibus,
1099 2407 1178 2472 quas
1192 2408 1270 2454 eon·

273 2506 370 2592 gessit
384 2526 522 2591 suasque
540 2503 657 2587 adjecit
670 2501 847 2578 Iteratur,
869 2501 903 2564 in
924 2501 1055 2589 Sylloge
1065 2505 1208 2587 praefixit
1220 2505 1270 2570 ed.

270 2622 402 2688 Amstel.
414 2623 450 2688 Τ.
463 2622 493 2702 Ι,
504 2643 538 2707 p.
551 2621 620 2684 XLI
636 2619 837 2682 -LXIIL—
849 2619 978 2685 Certum
990 2629 1170 2701 autemst,
1183 2623 1270 2707 quod

270 2741 367 2807 babet
383 2737 684 2816 Hemsterbueiue‚
708 2736 812 2801 Prael.
825 2736 865 2800 ad
878 2736 1060 2817 Pollucem,
1075 2757 1109 2821 p.
1126 2738 1191 2814 29,
1206 2737 1272 2803 Lu-

275 2859 405 2923 oianum
424 2859 570 2926 floruisse
586 2860 646 2924 sub
666 2859 901 2925 Antoninorum
923 2856 1059 2941 imperio
1073 2867 1104 2920 et
1119 2877 1221 2942 nsque
1236 2857 1269 2919 in
1311 2809 1500 2944 44444144

268 2978 433 3044 Commodi
457 2989 618 3064 tempora;
651 2999 726 3042 eum
751 2991 883 3064 propter
915 2975 997 3055 alia,
1026 2987 1094 3038 tum
1115 2973 1204 3061 quod
1226 2974 1266 3038 tt.
1322 2941 1429 3005 ΜΗ·
1473 2991 1480 3010 ·

271 3094 442 3158 Aurelium
461 3101 541 3164 θεόν
562 3097 723 3181 appellat,
742 3094 917 3161 Alexandr.
944 3115 973 3161 e.
996 3095 1048 3161 48.
1075 3079 1164 3157 Divi
1183 3093 1269 3157 enim
1278 3083 1324 3268 f*

267 3211 442 3297 appellatio
475 3212 513 3278 ed
538 3223 643 3278 aetate
676 3213 812 3279 mortuis
836 3213 967 3278 demum
996 3211 1183 3278 Caesaribus
1213 3211 1273 3273 tri·
1292 3182 1543 3324 ιῑαῖχξΰῇἆ

267 3329 427 3393 bnebatur
464 3328 549 3417 (Ael.
570 3331 676 3416 Spart.
697 3332 731 3395 in
750 3329 882 3395 Adrian.
905 3350 934 3394 o.
956 3331 1021 3408 273
1042 3328 1171 3396 Vulcat.
1192 3327 1268 3392 Gal·
1498 3313 1504 3342 ³

267 3447 321 3513 lic.
344 3447 379 3510 in
390 3445 485 3512 Arid.
504 3447 586 3514 Cass.
606 3469 637 3516 e.
656 3445 769 3534 7.).-
782 3445 931 3514 Solonas
951 3447 985 3510 in
1008 3443 1267 3511 adnotationibus

231 3627 233 3632 .
267 3565 383 3648 passim
403 3577 555 3632 accurate
573 3576 753 3652 temporum
773 3566 930 3630 rationem
949 3564 1100 3646 attendit3
1128 3562 1269 3627 velutad

268 3683 375 3748 Somn.
406 3705 435 3752 c.
467 3688 524 3766 163
548 3685 663 3767 Quom.
692 3683 772 3748 IIist.
794 3684 923 3751 Censor.
946 3705 975 3750 c.
999 3685 1061 3748 14:
1100 3678 1271 3748 Alexandr.

269 3823 298 3867 o.
328 3803 392 3879 30,
417 3805 481 3880 34,
509 3803 571 3881 35,
598 3805 658 3882 48,
686 3805 749 3882 56;
782 3802 823 3866 de
846 3803 945 3867 Morte
977 3802 1107 3888 Peregr.
1148 3821 1178 3864 o.
1209 3804 1270 3882 35;

269 3916 323 3982 sed
356 3939 420 3982 non
456 3929 529 3982 sunt
565 3918 691 4006 singula
721 3920 795 3984 satis
825 3922 911 3982 inter
935 3938 967 3981 se
992 3915 1127 3994 collata,
1164 3916 1271 3995 unde,

269 4037 331 4102 alio
353 4036 444 4113 loco,
463 4057 583 4101 annum
608 4036 703 4101 officit
716 4059 747 4121 p.
760 4035 834 4104 Cbr.
847 4036 949 4113 CXII,
969 4034 1006 4098 de
1017 4034 1117 4099 llorte
1140 4037 1272 4124 Peregr.

270 4175 297 4218 o.
319 4159 376 4235 35;
400 4153 482 4232 alio,
506 4153 639 4227 CXXX.
661 4153 749 4219 Alex.
772 4177 799 4220 e.
827 4157 879 4220 56.
