3160 5018
761 403 781 462 8

260 585 328 670 ejus
356 590 521 677 ingenium
540 603 572 656 ct
593 593 721 658 laudem
754 617 933 661 censemus.
968 597 1072 683 Igitur
1095 597 1129 661 in
1160 597 1268 662 rhoto-

261 709 334 772 nicis
362 707 474 772 studiis
503 708 620 774 bonam
643 711 755 776 notatis
780 724 905 797 partem
933 715 1129 797 consumsit,
1158 713 1269 802 iisqne

260 824 348 888 velut
373 827 571 912 προπαιδιίᾳ
594 848 667 892 usus
697 839 745 893 est
774 830 814 894 nd
835 853 892 906 en,
917 831 1036 919 quibus
1064 842 1174 917 postea
1194 854 1269 917 pro-

261 944 365 1028 pria'm
395 944 524 1010 laudem
548 946 682 1032 adeptus
706 960 762 1013 est.
792 949 883 1031 Quae
908 948 1040 1038 quidem
1068 950 1172 1015 studia
1206 946 1265 1016 nisi

261 1073 410 1127 accurate
428 1065 512 1130 inter
533 1088 566 1128 se
589 1065 830 1154 distinguuntur
841 1116 849 1149 ,
886 1087 949 1130 non
966 1077 1071 1151 potest
1088 1068 1129 1133 nd
1148 1070 1268 1153 probu-

160 1199 167 1216 '
262 1183 359 1246 bilem
379 1181 448 1266 ejus
463 1183 713 1270 intelligentium
732 1185 915 1269 perveniri,
934 1185 1067 1250 confusa
1086 1187 1191 1269 potius
1204 1208 1264 1251 nec

250 1279 475 1507 finsamentis
495 1302 646 1366 distincta
671 1315 768 1391 utque
787 1302 867 1367 aden
880 1303 959 1368 falsu
974 1302 1042 1387 ejus
1061 1303 1185 1390 ingenii
1206 1306 1268 1368 crit

262 1444 270 1481 l

273 1441 374 1505 nugo.
404 1419 485 1483 Tum
500 1441 573 1483 vcro
593 1419 627 1483 in
648 1417 697 1482 his
714 1419 791 1504 ipsis
807 1418 876 1501 ojus
890 1418 1060 1486 rhetoricis
1077 1421 1142 1483 sive
1158 1419 1267 1505 sophi-

263 1538 350 1601 sticis
363 1536 475 1600 studiis
497 1537 714 1603 existimandis
728 1560 864 1625 magnus
877 1539 1010 1627 quidam
1030 1561 1119 1604 error
1136 1539 1268 1606 exstitit.

263 1657 468 1740 Quapropter
479 1676 597 1740 operne
608 1656 748 1741 pretium
768 1658 838 1723 foro
856 1659 1058 1742 putavimus,
1079 1669 1115 1721 ut
1126 1657 1267 1741 primum

264 1775 305 1840 de
339 1770 498 1858 sophistae
532 1783 564 1837 et
593 1771 729 1838 rhetoris
755 1776 884 1839 nomino
916 1775 1051 1865 ejusque
1077 1797 1137 1838 usu
1163 1796 1266 1860 pauca

264 1912 489 1969 moneremus,
511 1901 579 1954 tum
603 1915 678 1956 vcro
701 1892 741 1956 de
761 1893 893 1958 Luciuni
909 1893 1088 1979 sophisticis
1107 1892 1219 1957 studiis
1233 1904 1265 1957 et

267 2011 392 2095 scriptis
416 2009 672 2095 disputaremus:
697 2011 742 2072 sic
761 2012 890 2098 quidem
916 2012 957 2076 dc
974 2013 1043 2097 ipso
1055 2011 1268 2075 Luciauonli·

265 2128 394 2214 quaudo
410 2129 513 2192 verius
529 2126 691 2211 explicaro
701 2129 876 2211 poterimus
890 2178 899 2206 ‚
917 2150 1014 2216 quam
1028 2127 1135 2194 adhuc
1146 2128 1267 2192 sactum

266 2268 333 2309 esso
359 2245 494 2309 videtur.

682 2384 842 2408 ..a-0*-

736 2582 795 2666 ΙΙ.

503 2783 543 2828 DE
562 2780 717 2828 SOPHISTIS
736 2781 807 2828 SIVE
826 2781 1032 2830 uustoulous

311 2957 501 3044 Priusquam
511 2954 550 3017 ao
566 2978 601 3019 es
615 2978 698 3042 quon
717 2958 940 3041 proposuimus
954 2955 1142 3041 explicanda
1164 2957 1269 3018 venin-

268 3097 338 3138 mns
350 3095 531 3152 ‚monemus
543 3073 680 3136 lectores
695 3085 819 3137 nostros
831 3124 839 3151 ‚
849 3096 913 3138 non
923 3095 960 3137 eo
970 3096 1026 3136 nos
1038 3073 1172 3137 oonsilio
1183 3072 1267 3138 hanc

268 3191 523 3279 disquisitionem
540 3191 735 3270 instituisso,
754 3179 900 3277 utipiam
913 3188 1273 3276 sophisticametnhsto·

267 3309 531 3374 ricamrationcm
541 3305 853 3399 ejusquequumdam
863 3309 1029 3374 historiam
1038 3332 1270 3388 enarraremus

269 3427 323 3493 scd
346 3449 382 3492 ea
401 3428 505 3491 solum
524 3426 804 3492 commonstratnri
823 3448 953 3504 sumus,
974 3449 1057 3516 quan
1080 3426 1121 3492 ad
1140 3426 1271 3490 aniuui

268 3545 515 3633 intelligentium
528 3544 663 3610 maxime
674 3545 766 3610 utilio
781 3544 961 3611 videantur.
975 3545 1047 3609 Fuit
1059 3554 1167 3608 autem
1179 3540 1272 3626 aple-

270 3667 377 3754 risque
402 3684 537 3743 corum,
570 3661 628 3751 qui
648 3661 688 3726 do
710 3661 778 3746 ejus
794 3664 858 3728 vita
880 3662 1012 3727 uberius
1032 3660 1273 3746 explicuerunt,

266 3781 421 3866 juventus
433 3779 502 3865 ejus
512 3781 547 3845 in
561 3780 640 3845 duas
651 3791 758 3864 partes
769 3780 867 3846 divisa
879 3830 887 3859 ‚
897 3779 989 3867 qnasi
1002 3780 1105 3864 primo
1117 3778 1152 3842 in
1165 3778 1274 3842 sonen-

272 3901 360 3966 sibus
387 3897 584 3964 orationibus
603 3909 743 3962 versatus
755 3898 873 3977 suerit,
888 3911 956 3963 tum
970 3919 1043 3962 vero
1057 3907 1178 3961 mutato
1193 3896 1274 3960 vitae

272 4016 405 4083 consilio
418 4015 457 4081 ad
477 4012 648 4099 sophistica
670 4015 820 4080 studiose
840 4014 1027 4082 contulerit.
1053 4013 1149 4098 Quod
1173 4011 1271 4099 longo

273 4134 366 4198 alitor
378 4155 410 4197 se
421 4131 541 4198 habore
554 4132 644 4198 nobis
662 4144 925 4218 persuasumst,
938 4154 998 4198 ncc
1016 4141 1159 4216 separatu
1171 4128 1269 4194 fuisso
