3160 5018
769 402 809 465 52

290 621 324 663 ro
346 597 497 674 demum,
514 615 575 660 nec
590 593 730 677 juvenili
748 593 927 659 temeritate
949 617 1022 660 eum
1042 597 1076 661 in
1091 598 1202 662 aetatis
1211 619 1286 663 suae

288 714 393 780 studia
412 712 624 778 insultavisse.
648 711 764 776 Contra
779 711 814 775 in
837 713 964 797 optimis
985 712 1162 797 juventutis
1179 718 1289 801 operi-

288 836 367 913 bus,
382 833 417 896 in
437 830 549 916 primis
570 830 605 893 in
618 829 755 917 dialogis
772 828 812 894 de
832 830 984 897 Amicitia
1001 854 1039 897 ao
1054 832 1093 896 de
1110 834 1289 921 Gymnasiis

292 964 322 1015 ct
339 952 373 1015 in
394 950 434 1013 iis
456 947 742 1034 praefatiunculis,
770 948 828 1012 ubi
841 948 886 1020 ‚de
910 950 975 1014 suis
1002 951 1097 1016 rchus
1120 964 1151 1016 et
1177 952 1289 1017 studiis

291 1093 399 1136 coram
422 1069 624 1135 auditoribus
647 1066 797 1153 exponit,
827 1077 892 1132 tarn
917 1089 1029 1134 serena
1060 1071 1160 1136 enitet
1190 1072 1289 1137 animi

289 1188 457 1266 alacritas,
472 1199 602 1275 tamque
622 1185 729 1251 nativa
740 1183 947 1267 jucunditas,
961 1197 998 1250 ut
1016 1187 1122 1252 minus
1141 1188 1289 1275 aliquan-

289 1318 358 1370 tum
381 1307 554 1392 miremur,
574 1306 600 1368 si
627 1328 668 1370 ne
696 1317 765 1369 tum
788 1305 935 1391 quidem,
964 1325 1065 1392 quum
1089 1305 1130 1370 de
1155 1308 1289 1371 veritato

289 1435 321 1487 et
346 1423 547 1508 perfectione
574 1421 792 1488 vehementius
818 1422 987 1506 desperaro
1008 1421 1178 1506 coepisset,
1200 1421 1289 1488 huno

290 1541 380 1627 quasi
391 1540 559 1626 proprium
580 1551 713 1604 naturae
731 1539 799 1623 ejus
820 1538 967 1604 habitum
981 1560 1110 1625 prorsus
1130 1552 1289 1605 mutatum

287 1657 442 1722 videmus.
466 1655 646 1740 Gonjunota
664 1658 699 1721 in
719 1658 861 1722 Luciano
883 1655 964 1722 haec
983 1657 1131 1723 alacritas
1151 1668 1197 1722 est
1214 1679 1288 1723 oum

290 1775 467 1839 cultissimo
483 1797 577 1839 sensu
590 1785 621 1838 et
641 1773 746 1838 studio
760 1777 903 1841 Graecae
919 1775 1136 1840 humanitatis.
1161 1775 1289 1860 Spirant

288 1895 369 1963 haec
392 1895 426 1959 in
448 1894 556 1959 Attica
567 1904 750 1974 venustate,
774 1917 872 1984 quam
893 1893 1057 1958 interdum
1077 1894 1200 1958 urbana
1214 1915 1288 1958 cnm

288 2007 435 2078 libertate
465 2013 618 2101 gloriatus
640 2023 688 2076 est
713 2035 763 2093 so,
793 2014 966 2079 barbarum
993 2013 1071 2076 lioct
1101 2009 1286 2090 huminem,

287 2134 413 2218 scriptis
443 2133 506 2196 suis
531 2132 719 2197 conciliasse
740 2129 762 2211 ¹,
788 2143 819 2196 et
845 2155 920 2197 vero
946 2133 1040 2196 ineo
1066 2153 1195 2208 amore,
1222 2153 1287 2218 quo

288 2254 320 2314 in
339 2252 451 2336 primis
469 2248 610 2314 Athenas
628 2249 751 2316 dilexit.
776 2251 846 2314 Non
868 2249 1047 2314 Lucianum
1066 2250 1234 2329 audimus,
1252 2263 1288 2315 ut
1384 2299 1386 2304 -

288 2368 437 2454 plerique
457 2364 617 2451 sophistae
641 2366 806 2446 solebant,
829 2365 1029 2432 Athenarum
1048 2378 1178 2452 tropaea
1203 2370 1287 2433 cele·

287 2491 454 2568 brantem,
469 2486 524 2553 sed
543 2486 601 2550 uhi
623 2509 732 2551 earum
755 2486 866 2552 laudes
881 2487 928 2550 vel
945 2485 1118 2572 sophistico
1132 2487 1288 2568 consilio,

288 2607 337 2670 uti
354 2607 389 2671 in
400 2603 518 2694 Scytha
536 2628 560 2670 s.
581 2605 734 2689 llospito,
752 2605 900 2693 attingit,
923 2605 1137 2672 delenimenta
1153 2617 1185 2671 et
1204 2607 1289 2672 hona

289 2734 444 2787 memorat
462 2723 497 2786 in
517 2721 699 2808 Ἑλληνικῇ
717 2723 853 2805 παιδείᾳ
870 2723 987 2808 posita,
1002 2734 1034 2786 et
1057 2723 1206 2788 Solonem
1230 2723 1287 2788 ho-

289 2841 366 2926 spiti
386 2851 609 2905 monstratum
624 2839 703 2904 facit
724 2838 923 2924 Ἑλληνικὸν
949 2841 1212 2925 κανόνα-δεῖγμα
1232 2849 1288 2925 τῆς

292 2959 485 3042 φιλοσοφίας
501 2966 557 3042 τῆς
580 2959 744 3040 Ἀττικῆς
764 2954 787 2993 ²·
811 2967 843 3020 et
864 2978 940 3022 sane
959 2978 1028 3021 eam
1050 2957 1190 3023 Atticam
1213 2958 1289 3044 phi-

289 3075 466 3161 losophiam
490 3097 583 3140 nemo
604 3075 719 3138 melius
739 3069 836 3162 quam
859 3074 1018 3141 lucianus
1039 3077 1209 3162 expressit,
1230 3077 1288 3142 ubi

290 3195 429 3260 eundem
446 3195 597 3259 Solonem
620 3194 655 3258 in
677 3192 897 3260 Anacharside
917 3216 974 3259 suo
998 3195 1032 3259 iu
1060 3217 1188 3261 scenam
1212 3219 1287 3281 pro-

325 3512 335 3547 ¹
355 3515 409 3566 Viol.
419 3513 521 3562 BisAoc.
529 3531 549 3562 ο.
557 3511 598 3563 34.
606 3513 667 3564 ἐπεὶ
679 3514 734 3564 τῶν
747 3534 779 3580 γε
792 3514 878 3566 ἄλλων
892 3514 971 3566 ἕνεκα
984 3515 1033 3566 οὐκ
1042 3516 1076 3567 ἂν
1087 3504 1160 3578 οἶμαι
1167 3515 1287 3577 μέμψαι-

288 3597 321 3646 τό
339 3617 383 3660 μοι
394 3596 417 3664 (ὅ
438 3597 585 3664 διάλογος),
608 3595 642 3655 ὦς
659 3600 802 3660 θοιμάτιον
820 3601 905 3650 τοῦτο
924 3601 957 3650 τὸ
971 3593 1136 3668 Ἑλληνικὸν
1153 3603 1286 3670 περισπά-

289 3695 336 3739 σας
349 3681 435 3731 αὐτοῦ
452 3681 624 3751 βαρβαρικόν
644 3700 671 3730 τι
688 3685 869 3746 μετενέδυσα,
884 3685 931 3735 καλ
942 3685 1035 3735 ταῦτα
1048 3685 1189 3753 βάρβαρος
1205 3687 1289 3744 αὐτὸς

289 3753 359 3815 εἶναι
371 3764 467 3816 δοκῶν.
481 3767 520 3815 llis
527 3766 582 3819 hoc.
590 3784 611 3814 ο.
619 3764 659 3819 30.
674 3767 721 3815 καλ
734 3768 944 3836 repercuterem
960 3765 1015 3832 (ἐμὲ
1028 3767 1045 3833 ἡ
1058 3758 1288 3837 Ῥητορικὴ-καλ

289 3853 315 3908 ἐς
337 3851 401 3909 τούς
414 3842 555 3917 Ἕλληνας
573 3851 701 3918 ἐνέγραψε
707 3885 715 3911 ,
740 3852 788 3900 καὶ
801 3852 871 3902 κατά
885 3871 917 3918 γε
933 3854 1017 3903 τοῦτο
1035 3852 1114 3921 χάριν
1129 3851 1164 3902 ἂν
1182 3853 1288 3919 εἰδείην

289 3935 328 4002 τῷ
343 3937 426 4002 γάμῳ.
447 3937 530 3986 Zeuxis
546 3953 566 3985 c.
588 3934 612 3985 2.
637 3936 746 4005 χάριτος
763 3929 928 4003 Ἀττνκῆςῆ
945 3936 1075 4007 ἁρμονίας
1088 3936 1106 4002 ἢ
1119 3937 1216 4004 τέχνης
1238 3940 1287 4000 τῆς

288 4011 328 4078 ἐφ’
345 4020 442 4080 ἅπασι,
457 4021 562 4071 volvos
576 4018 608 4070 tt
622 4020 711 4091 πόρρω
729 4018 789 4079 ἴσως
806 4021 918 4084 τούμόν.

326 4128 337 4158 ²
354 4135 432 4199 Scyth.
446 4155 465 4185 s.
479 4137 549 4199 llosp.
565 4157 585 4187 o.
601 4137 632 4200 l,
648 4137 672 4188 5.
