3160 5018
771 419 813 479 34

294 617 411 680 mirum
434 630 592 701 quantum
621 613 794 678 abhorrere
819 635 838 674 a
865 612 1015 697 propriae
1039 614 1096 688 illo
1121 617 1295 702 sapientiae

294 735 421 814 fructu,
433 729 530 819 quern
545 732 688 796 florentis
699 730 832 797 Luciani
849 727 961 792 aetatis
977 730 1097 814 scripta
1109 735 1292 800 ostendunt.

338 973 502 1036 Sententia
524 982 556 1034 et
576 971 681 1034 forma
706 970 741 1034 in
762 969 832 1032 aliis
857 967 1077 1053 peculiaribus
1106 992 1294 1036 accommo-

291 1087 365 1154 data
383 1099 430 1154 est
459 1086 626 1153 rhetoricis
649 1086 953 1172 opportunitatibus.
979 1087 1021 1152 Ut
1044 1087 1079 1151 in
1102 1088 1238 1175 Hippia
1261 1101 1294 1154 et

290 1207 374 1271 libro
390 1203 441 1272 De
454 1205 561 1268 Domo
581 1205 756 1287 inscripto,
775 1202 819 1278 ⁴in
838 1204 973 1290 quibus,
995 1205 1090 1292 pactd
1110 1218 1188 1292 puto
1210 1229 1294 1272 mer·

290 1324 389 1401 cede,
425 1345 536 1388 recens
570 1331 731 1386 exstructa
769 1320 925 1388 balneum
954 1334 986 1386 ct
1017 1343 1131 1411 eccum
1163 1326 1291 1409 prolixa
1305 1257 1468 1448 μιν)

292 1439 509 1524 descriptione
533 1437 769 1503 commendavit
793 1439 815 1502 ¹.

336 1560 405 1624 Hoc
421 1558 499 1622 item
515 1557 550 1622 in
570 1557 681 1642 primis
707 1556 792 1621 valet
815 1555 856 1621 dc
874 1557 1036 1624 Pantheae
1054 1558 1240 1624 laudatione
1258 1560 1293 1623 in

291 1678 418 1743 duobus
441 1675 630 1761 colloquiis,
653 1686 828 1761 quaesunt
847 1673 1026 1764 Imagines
1050 1689 1082 1742 et
1106 1675 1179 1742 Pro
1199 1677 1292 1743 Imo-

288 1793 443 1884 ginibna.
484 1795 687 1878 Quamquam
723 1789 896 1878 sophistici
928 1791 1009 1858 baec
1046 1793 1157 1858 indole
1189 1795 1293 1859 nrulto

291 1913 392 2002 magis
411 1934 508 1999 quam
525 1921 647 1991 aetate,
672 1909 879 1996 qua,scripta
898 1910 978 1991 sint,
998 1912 1082 1976 inter
1098 1913 1208 1996 priora
1227 1913 1290 1978 Lu-

290 2031 375 2096 ciani
393 2031 512 2116 scripta
531 2028 700 2094 referenda
719 2039 880 2113 putamus.
905 2029 1025 2093 Tantus
1047 2029 1081 2094 in
1102 2031 1141 2096 iis
1160 2041 1292 2097 ornatus

292 2160 358 2228 cst,
377 2161 413 2214 ut
432 2149 566 2226 siboto,
586 2159 622 2211 ut
642 2146 775 2233 quidam
794 2147 978 2230 opinantur,
997 2147 1128 2212 illorum
1142 2148 1292 2214 materies

292 2277 374 2330 esset
394 2267 417 2344 ²,
438 2264 514 2348 jure
536 2264 666 2328 omnino
694 2284 752 2347 pro
782 2261 921 2344 junioris
949 2263 1114 2347 scriptoris
1139 2265 1292 2349 operibus

292 2381 439 2448 habenda
464 2382 661 2447 viderentur.
685 2381 796 2464 Nunc,
822 2379 974 2465 quoniam
993 2401 1030 2444 ex
1052 2379 1129 2466 ipsis
1152 2381 1244 2446 libris
1266 2386 1290 2462 ⁸,

291 2499 415 2566 collatis
445 2522 519 2565 cum
551 2498 674 2564 scholio
705 2497 746 2562 ad
776 2497 909 2563 titulum
942 2498 1074 2566 alterius
1102 2509 1136 2564 et
1156 2499 1229 2564 loco
1257 2500 1291 2564 in

289 2617 330 2681 Μ.
358 2616 484 2681 Aurelii
507 2616 599 2680 libris
625 2617 647 2694 ⁴,
675 2613 771 2679 nimis
802 2612 969 2678 manifesto
997 2625 1150 2699 apparet,
1183 2637 1289 2682 veram

327 2870 339 2900 ²
361 2873 428 2921 Conl.
440 2872 549 2934 Hippias,
564 2871 626 2935 c.8,
641 2883 664 2922 et
675 2876 801 2938 wichad,
816 2876 859 2923 Th.
868 2877 917 2940 lV,
933 2876 955 2924 S.
970 2875 1029 2926 459.
1047 2874 1102 2924 0eci
1109 2876 1213 2924 laudatio
1219 2876 1289 2924 simul

289 2956 574 3021 rhetoricaeatpraelatio,
593 2959 641 3005 vid.
655 2960 683 3007 de
695 2959 783 3021 Domo,
796 2978 817 3012 c.
833 2958 879 3014 32,
895 2961 920 3007 in
933 2977 978 3023 qua
1000 2961 1096 3021 pavonis
1108 2959 1195 3013 instar.
1213 2961 1252 3008 cui
1266 2977 1290 3008 ee

289 3041 338 3100 ipee
356 3049 488 3100 comparat,
517 3040 569 3104 τὴν
587 3039 669 3108 οὐρὰν
689 3041 790 3110 ἰπάρας
809 3041 855 3090 καὶ
877 3042 1019 3093 πάντοθεν
1038 3043 1115 3108 αὐτῷ
1128 3045 1291 3112 περιστήσας

290 3121 535 3174 ἐπιδείκνυται
555 3125 595 3174 τὰ
622 3122 714 3190 ἄνθη
735 3127 777 3174 τὰ
802 3126 921 3176 αὑτοῦ.

326 3225 339 3252 2
357 3220 421 3283 Quae
437 3222 554 3270 Wetzlari
566 3222 680 3270 sententia
692 3232 740 3284 eat,
754 3223 779 3270 in
794 3223 881 3270 Comm.
897 3223 1024 3285 descript.
1038 3223 1094 3272 Luc.
1108 3233 1153 3272 etc.
1168 3240 1191 3286 p.
1207 3221 1255 3285 38,
1267 3233 1291 3270 et

289 3303 385 3351 alterins
391 3303 468 3353 schol.
484 3305 512 3352 ad
520 3305 584 3354 titul.
594 3305 636 3354 lib.
654 3306 700 3355 Pro
709 3305 807 3370 lmagiu.
816 3306 884 3355 eant.
892 3307 961 3355 etiem
966 3307 1046 3357 Herm.
1055 3307 1187 3371 indllgem.
1196 3306 1289 3355 Sobnlr.

292 3386 370 3451 1832,
389 3407 412 3451 p.
425 3387 482 3439 808.

328 3486 340 3519 ³
360 3487 461 3535 Emoda
479 3503 524 3549 quo
542 3487 643 3549 passim,
665 3504 688 3536 v.
701 3505 723 3539 c.
737 3487 809 3551 lmag.
827 3504 848 3535 c.
871 3487 912 3548 10,
934 3485 1187 3555 15(0011.12101mg.
1202 3503 1223 3534 c.
1238 3483 1290 3551 24.)

291 3569 340 3632 l'l,
353 3569 400 3633 20,
421 3569 452 3618 21
473 3588 571 3634 nomen,
590 3571 663 3633 patria
680 3581 703 3619 et
715 3589 751 3620 res
764 3571 882 3619 Panthera
897 3571 995 3620 strictim
1008 3571 1171 3634 designantur,
1187 3568 1291 3617 dubitari

291 3670 339 3701 non
354 3664 446 3717 potest,
463 3656 521 3718 quin
541 3672 621 3703 revera
641 3671 668 3702 ea
689 3656 760 3702 luerit
774 3672 833 3716 quae
851 3656 973 3710 laudetu13
989 3655 1080 3702 inutilis
1094 3655 1164 3716 plane
1176 3653 1290 3702 affectatio

289 3739 349 3785 soret
364 3740 386 3785 in
393 3737 508 3798 fictione
520 3755 698 3799 esronitarum,
712 3739 737 3785 in
749 3756 847 3801 qnarurn
863 3739 1050 3804 designatione
1063 3739 1240 3802 contraegregia
1254 3754 1291 3785 err

292 3821 414 3883 conspicua
429 3832 472 3871 est.
491 3822 548 3869 Tum
562 3823 681 3886 apologiae
696 3840 778 3872 caussa
791 3834 815 3871 et
828 3824 902 3880 ratio,
919 3825 940 3873 ei
952 3823 1035 3886 prioris
1049 3822 1103 3872 libri
1118 3823 1171 3870 ficte
1185 3824 1293 3872 materies

290 3907 361 3955 luerit
372 3924 420 3956 non
434 3910 586 3972 intelligitur:
601 3910 716 3971 quomodo
729 3909 790 3958 enirn
803 3909 920 3958 incusatio
940 3908 1081 3957 adulationis
1089 3908 1148 3976 (vid.
1159 3908 1204 3956 Pro
1217 3907 1292 3968 Imag·

291 4007 312 4038 c.
330 3990 379 4038 let
391 4009 411 4040 o.
426 3990 478 4060 14.)
492 3994 521 4040 ab
534 3993 679 4041 auditoribus
693 3994 781 4041 moveri
795 3992 924 4055 potuisset?

328 4086 342 4118 4
362 4086 469 4136 salmasii
491 4090 621 4138 emendatio
653 4089 700 4138 looi
726 4089 757 4138 ll.
785 4089 901 4139 Antonini
925 4091 1012 4139 Corum.
1036 4091 1054 4138 l.
1079 4087 1156 4149 Vlll,
1173 4095 1229 4136 sect.
1252 4084 1293 4135 37.

290 4166 367 4233 Μήτι
388 4170 437 4218 νῦν
461 4173 659 4242 παρακάθηται
678 4178 712 4237 τῇ
740 4174 789 4222 τοῦ
816 4176 906 4242 κυρίου
933 4173 999 4242 σορῷ
1023 4172 1156 4220 Πάνθεια
1163 4172 1293 4242 alegentie
