3160 5018
778 443 819 504 43

345 638 683 704 Animadvertentibns
713 659 787 702 rero
820 637 920 720 ipsam
963 636 1145 723 argumenti
1173 647 1299 720 pertra-

299 757 494 836 ctationem,
519 777 602 841 quae
625 756 754 821 omnino
771 757 909 820 refertur
929 753 969 818 ad
993 775 1066 817 eum
1093 752 1213 818 liberae
1239 760 1301 817 re'r‘-

300 874 451 959 publicae
467 885 598 954 statum,
621 873 714 957 cujus
736 875 915 938 recentiora
938 884 1081 957 tempora
1101 870 1182 936 nihil
1202 872 1299 956 quid·

300 1013 397 1076 quam
410 1002 536 1077 praeter
551 992 697 1057 umbram
717 991 937 1077 reliquerant,
953 1012 1055 1078 quum
1077 989 1167 1053 nulla
1184 988 1300 1053 borum

301 1110 516 1173 recentiorum
550 1121 729 1194 temporum
762 1129 837 1172 cum
863 1120 969 1172 vetere
997 1108 1146 1172 libertate
1170 1127 1300 1190 compa·

302 1227 381 1290 ratio
391 1227 587 1306 instituatur,
599 1226 873 1310 serpentibusque
885 1237 988 1289 totum
1000 1223 1148 1290 habitum
1161 1223 1299 1310 dialogi,

299 1344 333 1406 in
368 1345 433 1431 quo
463 1343 642 1408 rhetoricus
673 1343 805 1431 quidam
841 1353 971 1407 ornatus
1002 1364 1066 1407 non
1097 1352 1201 1428 potest
1236 1363 1300 1405 non

300 1461 475 1549 agnosci¹,
500 1461 626 1549 liquere
663 1462 755 1526 nobis
786 1461 930 1541 ridetur,
965 1460 1163 1539 Lucianum,
1200 1458 1235 1522 in
1263 1479 1300 1522 eo

299 1578 492 1663 scribendo,
517 1580 576 1643 etsi
599 1579 779 1662 peculiari,
805 1599 902 1663 quam
919 1580 1185 1655 memoravimus,
1207 1600 1301 1642 usum

298 1711 479 1783 temporum
511 1698 771 1782 opportunitate,
795 1709 902 1762 tamen
932 1698 1058 1762 nonita
1083 1698 1239 1783 cogitasse
1261 1697 1301 1760 de

298 1841 354 1882 sua
381 1827 485 1881 aetate
514 1816 705 1908 corrigenda
734 1816 848 1880 autad
868 1816 1033 1900 antiquam
1066 1817 1221 1881 rationem
1249 1816 1301 1879 in-

299 1933 484 2012 staurandai3
513 1933 567 1997 sed
593 1933 700 2019 potius
729 1933 928 2019 antiquitatis
960 1933 1068 1996 locum
1102 1933 1299 2010 illustrasse,

299 2052 332 2114 in
363 2072 428 2137 quo
452 2050 559 2116 animo
581 2064 612 2116 et
635 2064 742 2116 mente
774 2053 913 2117 libenter
938 2051 1186 2130 immoraretur,
1210 2062 1241 2115 et
1266 2052 1301 2115 in

298 2191 364 2257 quo
389 2171 578 2236 illustrando
594 2170 662 2255 jam
683 2173 850 2258 proprium
868 2169 1046 2236 studiorum
1055 2173 1196 2234 fructum
1207 2169 1302 2233 audi-

299 2289 422 2353 toribus
440 2301 472 2355 et
492 2291 666 2356 lectoribus
690 2303 796 2376 posset
814 2290 991 2355 ostendere.
1010 2291 1149 2376 Reliqua
1167 2289 1301 2354 Luciani

299 2407 417 2492 scripta
432 2409 505 2472 satis
517 2409 699 2494 improbant
715 2409 900 2492 opinionem
915 2431 1046 2488 eorum,
1066 2410 1125 2494 qui
1142 2420 1297 2486 statuant,

298 2547 373 2588 eum
400 2527 529 2590 omnino
549 2526 583 2589 id
613 2525 734 2612 egisse,
764 2536 800 2587 ut
822 2525 908 2610 apud
930 2526 1113 2613 aequalium
1132 2523 1299 2589 hominum

298 2664 399 2728 genus
428 2641 608 2724 juventutis
641 2643 864 2707 educationem
891 2655 922 2708 et
945 2644 1179 2708 institutionem
1200 2644 1300 2707 inlot-

296 2770 418 2839 maret;
455 2760 578 2846 quique
599 2760 797 2846 peculiarem
820 2783 950 2846 operam
972 2761 1044 2826 ideo
1065 2783 1138 2826 eum
1157 2762 1300 2846 posuisse

295 2888 411 2960 putent
443 2878 477 2941 in
507 2879 647 2964 antiquis
677 2880 882 2966 gymnasticis
909 2880 1191 2945 exercitationibus
1221 2901 1297 2942 suae

296 2994 393 3059 aetati
417 2996 678 3061 commendandis
693 3001 716 3063 ².

342 3228 579 3296 Demosthenis
607 3232 811 3298 Errcomiarm
823 3234 899 3318 jure
912 3256 930 3297 a
943 3234 1112 3301 scholiasta
1135 3249 1166 3300 et
1187 3238 1301 3320 pleris-

296 3372 361 3438 que
395 3352 613 3416 recentiorum
652 3352 865 3436 interpretum
905 3353 1046 3417 Luciano
1078 3351 1299 3435 abjudicatum

295 3481 445 3554 putamus
470 3485 494 3535 ³.
520 3470 553 3533 Si
573 3492 632 3554 pro
654 3470 754 3533 nostri
776 3490 873 3554 opere
895 3469 1070 3549 habeatur,
1094 3471 1299 3535 referendum

331 3673 341 3708 ¹
360 3676 411 3722 Jam
427 3676 502 3737 Pauly
515 3675 539 3720 in
555 3674 646 3738 Proleg.
660 3678 707 3723 suis
723 3678 740 3724 l.
757 3678 775 3724 l.
791 3695 815 3739 p.
831 3678 929 3741 XXIII,
953 3687 1064 3738 «propter
1083 3678 1164 3738 locos,
1184 3677 1224 3738 qui
1246 3677 1302 3725 rbe-

297 3757 353 3803 toris
360 3759 527 3818 quodammodo
534 3759 625 3807 scholas
633 3760 722 3820 sapiant
728 3791 734 3816 ,
741 3763 875 3822 opusculum
885 3763 998 3823 prioribus
1007 3762 1106 3809 auctoris
1113 3761 1200 3809 libellis
1209 3762 1297 3821 potius.

299 3857 369 3901 quam
383 3843 507 3890 rarioribus
519 3845 707 3892 accensendum»
720 3855 794 3905 putat.

332 3933 343 3960 2
369 3926 436 3974 Conl.
452 3927 531 3975 adnot.
545 3928 618 3974 altera
633 3930 660 3976 ad
676 3930 744 3977 finem
758 3931 936 3978 dissertationis.

329 4005 340 4036 ⁵
367 4009 444 4058 Schol.
459 4010 488 4057 ad
499 4011 563 4059 titul.
576 4011 631 4060 libr.
648 4012 747 4075 Interpr.
760 4025 848 4076 praeter
859 4031 963 4064 recensos
971 4016 1031 4078 apud
1039 4015 1204 4076 Lehmannum,
1213 4015 1238 4062 T.
1248 4014 1295 4075 IX,

300 4112 322 4155 p.
335 4093 398 4152 429,
413 4111 452 4156 eq;
462 4093 585 4142 Scbulreit.
603 4094 682 4152 1831,
704 4097 775 4145 Abth.
789 4099 829 4162 11,
846 4099 869 4148 S.
886 4097 951 4160 596,
966 4099 1033 4148 etiam
1049 4100 1140 4150 Schrill.
1155 4102 1238 4150 Gescb.
1257 4103 1297 4148 der

296 4183 337 4226 Gr.
353 4180 408 4230 titt.
423 4180 466 4228 lld.
487 4178 512 4226 Il
521 4215 528 4240 ,
548 4180 572 4228 S.
589 4178 652 4235 4925
674 4180 778 4230 Ranlsius
794 4185 854 4234 Poll.
870 4192 892 4233 et
906 4183 1000 4232 Lneian.
1018 4201 1040 4247 p.
1057 4183 1103 4235 23:
1122 4187 1163 4234 W.
1179 4186 1207 4234 ll.
1224 4189 1296 4234 Gran-
