3160 5018
813 377 853 438 75

326 589 343 627 o
352 565 469 632 Solcho
483 567 662 657 Uebungen
673 566 802 656 (nempe
813 566 924 652 quales
931 566 966 632 in
979 564 1170 630 Amorum
1185 576 1216 632 et
1227 563 1324 628 Aoo-

323 680 483 747 clroreidc
504 682 744 772 describuntur)
759 683 828 750 hut
849 685 970 750 Lucian
988 685 1102 748 scinco
1124 681 1321 772 Zoitgcnoe-

324 821 381 863 ren
406 822 471 880 vor,
487 800 588 867 drmit
611 802 658 868 sie
677 800 730 868 die
747 800 876 890 Jugeud
894 801 929 866 in
948 800 1163 886 Verbindung
1182 801 1242 864 mit
1263 799 1320 869 der

325 953 366 968 —·
376 918 533 1006 geistigen
547 917 732 1006 Erziehung
752 916 839 989 starlx
849 917 1048 1005 und-kreftig
1066 913 1319 982 herenuaclrsen

323 1035 457 1099 lassen.»
468 1035 552 1098 -S.
574 1037 633 1099 32:
654 1034 715 1098 «Er
730 1031 900 1119 versprach
913 1032 982 1097 sich
994 1055 1056 1097 nur
1069 1056 1129 1098 von
1141 1033 1230 1099 einer
1243 1030 1317 1098 har-

323 1149 514 1217 monischen
527 1151 732 1238 Ausbildung
749 1143 805 1216 iles
817 1151 939 1217 Geistes
953 1150 1019 1215 und
1030 1149 1171 1235 Kttrpers
1182 1149 1234 1218 die
1245 1149 1317 1214 bos·

321 1283 376 1337 ten
388 1271 508 1360 Folgen
519 1272 572 1334 ffir
584 1270 637 1336 die
649 1269 848 1358 Erstarlxung
861 1269 918 1336 dor
927 1267 1122 1335 Romuliden
1132 1269 1236 1332 seiner
1247 1267 1317 1332 Zcit

321 1412 396 1455 zum
417 1390 561 1455 Bessern.
573 1412 590 1453 a
614 1388 711 1453 llunc
731 1389 896 1476 inprimis
916 1397 1044 1453 secutus
1056 1387 1107 1453 Fr.
1121 1388 1268 1465 Cramer,
1281 1385 1315 1449 in

319 1507 517 1578 Geschichte
542 1509 599 1573 der
616 1507 743 1573 Erzielr.
763 1531 798 1576 u.
820 1510 853 1576 d.
878 1509 1006 1576 Untcrr.
1028 1509 1073 1572 im
1096 1505 1235 1572 Alterth.
1252 1479 1332 1572 Bd.¹

317 1628 369 1708 ΙΙ,
390 1629 422 1693 S.
443 1630 528 1706 715,
554 1630 640 1706 718,
662 1627 831 1692 affirmarit
859 1625 1017 1691 dominari
1040 1627 1075 1690 in
1095 1625 1222 1720 scr'prtis
1250 1625 1313 1689 Lu-

319 1747 421 1812 ciani:
458 1745 541 1810 «die
572 1744 649 1810 ldee
676 1767 740 1809 ron
768 1745 857 1808 einer
876 1744 1131 1833 Wiedergeburt
1148 1742 1202 1808 tes
1230 1745 1316 1830 grie-

319 1862 472 1928 chischen
493 1860 708 1938 Alterthums,
734 1859 845 1925 durch
867 1863 942 1926 cine
960 1863 1187 1950 roitgemr'ieec
1206 1859 1314 1952 Rege·

316 1985 476 2048 nerotion
497 1980 558 2046 der
575 1980 672 2045 alteri
687 1978 922 2069 griechischen
943 1977 1179 2067 Erzielooop.»
1205 1980 1311 2063 Quam

316 2096 448 2184 quidem
473 2099 682 2179 sententiam,
711 2119 786 2163 cum
817 2097 905 2178 aliis,
934 2110 1004 2163 tum
1030 2094 1312 2163 Aocrcloorridie

314 2215 394 2282 locis
415 2215 603 2282 illustravit.

358 2336 399 2401 Ut
416 2343 523 2400 autern
539 2334 633 2399 aliter
652 2333 692 2398 de
717 2333 859 2398 Lucieno
880 2332 1087 2420 judicemus,
1112 2354 1309 2420 quamquam

314 2454 487 2532 efficietur,
507 2453 542 2517 ni
564 2452 677 2531 fallor,
701 2450 771 2536 ipsa
791 2451 1006 2535 posteriorum
1026 2451 1096 2534 ejus
1112 2452 1307 2536 scriptorum

309 2570 538 2657 explicatione,
562 2581 691 2646 tamen,
710 2571 814 2653 q‘uum
825 2567 894 2651 jam
914 2566 998 2632 hanc
1010 2567 1152 2653 priorem
1163 2568 1309 2655 disputa·¹

310 2689 404 2754 tionis
426 2699 551 2772 partem
581 2685 754 2771 separatim
782 2685 932 2766 edamus,
960 2685 1117 2752 nonnulla
1148 2684 1308 2753 hocloco

309 2807 492 2874 adnotanda
517 2805 679 2872 videntur.

352 2927 513 2990 Lucienus
530 2925 557 2989 si
582 2923 670 2991 haud
696 2947 768 2990 raro
790 2924 826 2989 in
851 2923 988 2989 satiricis
1007 2925 1073 2990 suis
1099 2925 1227 3012 scriptis
1248 2927 1309 3014 Gy-

310 3045 384 3107 nica
404 3064 514 3108 rerum
533 3040 749 3106 humanarum
765 3013 980 3129 despicientia
1000 3066 1076 3109 usus
1092 3057 1157 3125 est,
1170 3055 1203 3109 et
1215 3067 1307 3112 verae

308 3161 466 3226 libertatis
486 3160 683 3226 effectricem
702 3182 772 3226 eam
792 3161 936 3228 laudarit
959 3162 1110 3252 (exempl.
1139 3163 1203 3229 rid.
1226 3165 1306 3228 insi·

310 3281 441 3369 gniora,
464 3281 499 3345 in
519 3280 645 3368 Diulog.
669 3279 762 3345 Most.
785 3280 817 3359 Ι,
836 3280 887 3360 ΙΙ,
908 3281 952 3361 Χ;
967 3281 1091 3365 Catapl.
1114 3302 1143 3346 c.
1168 3282 1207 3346 12
1221 3331 1229 3360 ,
1245 3287 1306 3361 13,

310 3402 368 3480 153
400 3396 536 3466 Charon.
573 3418 602 3464 c.
634 3400 786 3480 15-20;
818 3399 955 3464 Icarum.
987 3419 1016 3463 c.
1043 3400 1085 3478 4,
1122 3401 1180 3479 17;
1218 3403 1304 3466 conf.

308 3518 493 3583 Demonact.
515 3518 581 3586 vit.
606 3539 634 3583 c.
660 3515 730 3603 20),
753 3518 900 3605 profecto
915 3518 1013 3584 unice
1031 3518 1153 3601 voluit,
1167 3522 1305 3608 conjun-

308 3646 390 3700 ctam
413 3657 478 3700 csse
496 3635 678 3700 libertatern
704 3657 780 3700 cum
806 3637 906 3700 animi
930 3636 1121 3724 ingeniique
1142 3640 1244 3706 cultu.
1266 3641 1305 3707 ln

309 3753 508 3838 explodenda
530 3753 662 3840 quidem
683 3755 870 3820 mortalium
893 3756 1033 3822 vanitate
1049 3756 1163 3822 herotis
1179 3756 1306 3824 induxit

308 3871 465 3959 Cynicos,
487 3871 623 3935 mirifice
650 3893 721 3937 vero
741 3875 877 3958 explosit
900 3875 934 3940 in
957 3875 997 3939 iis
1019 3876 1096 3961 ipsis
1119 3876 1302 3943 inhumani·

307 4001 404 4056 tutem
426 4000 458 4054 ct
482 3990 701 4058 ἀπαιδευσίαν
726 3991 801 4079 (vid.
824 3993 891 4061 Vit.
913 3994 1009 4061 Auot.
1037 4017 1066 4061 o.
1091 3997 1150 4074 1'0,
1180 3998 1242 4062 11:
1266 3999 1303 4063 ori

310 4119 369 4196 γάρ
401 4134 450 4178 σοι
473 4112 576 4192 δεήσει
607 4113 759 4186 παιδείας
789 4139 819 4178 κ.
842 4139 871 4179 τ.
886 4111 946 4202 Ι).
970 4113 1041 4178 Non
1065 4115 1099 4179 in
1129 4113 1301 4199 sophistica
